time,taker,case,base,quote,price,quantity
2022-10-11 23:22:47.300418,dcf91a667e073a39b972a4f02bdc682810e156247004ac3bcda88275dc8e983f,buy,Mango,USD Coin,0.0249,1003
2022-10-11 23:22:47.300418,c451cf9687e64bcb54efa9b5f1ebfe9874adf11c93b3734c4f5b932a70a4c3a5,buy,Mango,USD Coin,0.0246,406
2022-10-11 23:22:47.300418,c451cf9687e64bcb54efa9b5f1ebfe9874adf11c93b3734c4f5b932a70a4c3a5,buy,Mango,USD Coin,0.0246,406
2022-10-11 23:22:47.300418,c451cf9687e64bcb54efa9b5f1ebfe9874adf11c93b3734c4f5b932a70a4c3a5,buy,Mango,USD Coin,0.0246,406
2022-10-11 23:22:47.300418,Mango,sell,Mango,USD Coin,0.0216,383
2022-10-11 23:22:47.300418,c451cf9687e64bcb54efa9b5f1ebfe9874adf11c93b3734c4f5b932a70a4c3a5,buy,Mango,USD Coin,0.0246,278
2022-10-11 23:22:47.300418,c451cf9687e64bcb54efa9b5f1ebfe9874adf11c93b3734c4f5b932a70a4c3a5,buy,Mango,USD Coin,0.0248,1363
2022-10-11 23:22:47.300418,c451cf9687e64bcb54efa9b5f1ebfe9874adf11c93b3734c4f5b932a70a4c3a5,buy,Mango,USD Coin,0.0249,375
2022-10-11 23:21:12.087507,dantebriger.sol,sell,Mango,USD Coin,0.0208,452
2022-10-11 23:20:03.200232,Mango,sell,Mango,USD Coin,0.0214,8
2022-10-11 23:19:08.288137,c451cf9687e64bcb54efa9b5f1ebfe9874adf11c93b3734c4f5b932a70a4c3a5,buy,Mango,USD Coin,0.0238,251
2022-10-11 23:19:08.288137,c451cf9687e64bcb54efa9b5f1ebfe9874adf11c93b3734c4f5b932a70a4c3a5,buy,Mango,USD Coin,0.0238,419
2022-10-11 23:19:08.288137,c451cf9687e64bcb54efa9b5f1ebfe9874adf11c93b3734c4f5b932a70a4c3a5,buy,Mango,USD Coin,0.024,167
2022-10-11 23:18:49.60687,903f28ab82e8198f8dfb4d59e78830091bb222be0ee8817e6751bdef8564a6e4,buy,Mango,USD Coin,0.0238,450
2022-10-11 23:18:49.60687,c451cf9687e64bcb54efa9b5f1ebfe9874adf11c93b3734c4f5b932a70a4c3a5,buy,Mango,USD Coin,0.0235,425
2022-10-11 23:18:49.60687,903f28ab82e8198f8dfb4d59e78830091bb222be0ee8817e6751bdef8564a6e4,buy,Mango,USD Coin,0.0235,604
2022-10-11 23:18:49.60687,903f28ab82e8198f8dfb4d59e78830091bb222be0ee8817e6751bdef8564a6e4,buy,Mango,USD Coin,0.024,423
2022-10-11 23:18:43.753145,09a2555107201310a50f8f49d835a3bc76ace756548159c5aa9cfb9a6c46ffc2,buy,Mango,USD Coin,0.0235,1029
2022-10-11 23:18:43.753145,09a2555107201310a50f8f49d835a3bc76ace756548159c5aa9cfb9a6c46ffc2,buy,Mango,USD Coin,0.0238,393
2022-10-11 23:18:38.319465,Mango,buy,Mango,USD Coin,0.0236,64
2022-10-11 23:18:38.319465,Mango,buy,Mango,USD Coin,0.0238,519
2022-10-11 23:15:22.611062,ea2d3b74755c459d0de360393bfd7c500757036399b629ff85849fff9c2baa7b,buy,Mango,USD Coin,0.0239,1185
2022-10-11 23:15:22.611062,ea2d3b74755c459d0de360393bfd7c500757036399b629ff85849fff9c2baa7b,buy,Mango,USD Coin,0.0238,630
2022-10-11 23:14:44.874067,feeb58bcc00a17003443357b8c26b22bec8028e06a09c5bd999ff7b908dbd1a4,buy,Mango,USD Coin,0.0237,63
2022-10-11 23:14:44.874067,Mango,sell,Mango,USD Coin,0.0198,185
2022-10-11 23:14:44.874067,feeb58bcc00a17003443357b8c26b22bec8028e06a09c5bd999ff7b908dbd1a4,buy,Mango,USD Coin,0.023,65
2022-10-11 23:14:44.874067,feeb58bcc00a17003443357b8c26b22bec8028e06a09c5bd999ff7b908dbd1a4,buy,Mango,USD Coin,0.0236,213
2022-10-11 23:14:44.874067,feeb58bcc00a17003443357b8c26b22bec8028e06a09c5bd999ff7b908dbd1a4,buy,Mango,USD Coin,0.0237,171
2022-10-11 23:14:17.569337,c451cf9687e64bcb54efa9b5f1ebfe9874adf11c93b3734c4f5b932a70a4c3a5,buy,Mango,USD Coin,0.0236,423
2022-10-11 23:14:06.759525,c451cf9687e64bcb54efa9b5f1ebfe9874adf11c93b3734c4f5b932a70a4c3a5,buy,Mango,USD Coin,0.023,268
2022-10-11 23:14:06.759525,c451cf9687e64bcb54efa9b5f1ebfe9874adf11c93b3734c4f5b932a70a4c3a5,buy,Mango,USD Coin,0.023,434
2022-10-11 23:14:06.759525,c451cf9687e64bcb54efa9b5f1ebfe9874adf11c93b3734c4f5b932a70a4c3a5,buy,Mango,USD Coin,0.0231,165
2022-10-11 23:14:06.759525,c451cf9687e64bcb54efa9b5f1ebfe9874adf11c93b3734c4f5b932a70a4c3a5,buy,Mango,USD Coin,0.0231,432
2022-10-11 23:13:00.527534,c451cf9687e64bcb54efa9b5f1ebfe9874adf11c93b3734c4f5b932a70a4c3a5,buy,Mango,USD Coin,0.023,434
2022-10-11 23:13:00.527534,dcf91a667e073a39b972a4f02bdc682810e156247004ac3bcda88275dc8e983f,buy,Mango,USD Coin,0.023,706
2022-10-11 23:13:00.527534,dcf91a667e073a39b972a4f02bdc682810e156247004ac3bcda88275dc8e983f,buy,Mango,USD Coin,0.0234,374
2022-10-11 23:13:00.527534,e9dbe1704f50f5ada909be739dc359549d6e5a04d36a557f9ce87bb02a02eb08,buy,Mango,USD Coin,0.0234,469
2022-10-11 23:11:36.645008,b2e34df24e77ee1546e140e63fbdf8a23e690dd5501e56e01c587a64c8624742,sell,Mango,USD Coin,0.0202,112
2022-10-11 23:11:36.645008,b2e34df24e77ee1546e140e63fbdf8a23e690dd5501e56e01c587a64c8624742,sell,Mango,USD Coin,0.02,1555
2022-10-11 23:11:36.645008,b2e34df24e77ee1546e140e63fbdf8a23e690dd5501e56e01c587a64c8624742,sell,Mango,USD Coin,0.0202,549
2022-10-11 23:11:18.881237,c451cf9687e64bcb54efa9b5f1ebfe9874adf11c93b3734c4f5b932a70a4c3a5,sell,Mango,USD Coin,0.0204,98
2022-10-11 23:11:18.881237,c451cf9687e64bcb54efa9b5f1ebfe9874adf11c93b3734c4f5b932a70a4c3a5,sell,Mango,USD Coin,0.0202,397
2022-10-11 23:11:18.881237,b2e34df24e77ee1546e140e63fbdf8a23e690dd5501e56e01c587a64c8624742,sell,Mango,USD Coin,0.0202,738
2022-10-11 23:11:13.450647,Mango,sell,Mango,USD Coin,0.0204,97
2022-10-11 23:11:08.244923,c451cf9687e64bcb54efa9b5f1ebfe9874adf11c93b3734c4f5b932a70a4c3a5,sell,Mango,USD Coin,0.0204,493
2022-10-11 23:11:03.037531,dcf91a667e073a39b972a4f02bdc682810e156247004ac3bcda88275dc8e983f,sell,Mango,USD Coin,0.0218,934
2022-10-11 23:11:03.037477,c4f8c525b4d8139a1e54b3fda2cc138499c98522efa9aa8c1ba2704094fb6564,sell,Mango,USD Coin,0.021,1044
2022-10-11 23:11:03.037477,c451cf9687e64bcb54efa9b5f1ebfe9874adf11c93b3734c4f5b932a70a4c3a5,sell,Mango,USD Coin,0.0208,1223
2022-10-11 23:11:03.037477,dcf91a667e073a39b972a4f02bdc682810e156247004ac3bcda88275dc8e983f,sell,Mango,USD Coin,0.0208,331
2022-10-11 23:11:03.037477,dcf91a667e073a39b972a4f02bdc682810e156247004ac3bcda88275dc8e983f,sell,Mango,USD Coin,0.0205,889
2022-10-11 23:11:03.037477,dcf91a667e073a39b972a4f02bdc682810e156247004ac3bcda88275dc8e983f,sell,Mango,USD Coin,0.0205,311
2022-10-11 23:11:03.037477,dcf91a667e073a39b972a4f02bdc682810e156247004ac3bcda88275dc8e983f,sell,Mango,USD Coin,0.0204,178
2022-10-11 23:11:03.037477,c451cf9687e64bcb54efa9b5f1ebfe9874adf11c93b3734c4f5b932a70a4c3a5,sell,Mango,USD Coin,0.0213,793
2022-10-11 23:11:03.037477,c451cf9687e64bcb54efa9b5f1ebfe9874adf11c93b3734c4f5b932a70a4c3a5,sell,Mango,USD Coin,0.0204,39
2022-10-11 23:11:03.037477,c451cf9687e64bcb54efa9b5f1ebfe9874adf11c93b3734c4f5b932a70a4c3a5,sell,Mango,USD Coin,0.0202,389
2022-10-11 23:11:03.037477,c451cf9687e64bcb54efa9b5f1ebfe9874adf11c93b3734c4f5b932a70a4c3a5,sell,Mango,USD Coin,0.0202,500
2022-10-11 23:11:03.037477,c451cf9687e64bcb54efa9b5f1ebfe9874adf11c93b3734c4f5b932a70a4c3a5,sell,Mango,USD Coin,0.0202,559
2022-10-11 23:11:03.037477,c451cf9687e64bcb54efa9b5f1ebfe9874adf11c93b3734c4f5b932a70a4c3a5,sell,Mango,USD Coin,0.0201,688
2022-10-11 23:11:03.037477,09a2555107201310a50f8f49d835a3bc76ace756548159c5aa9cfb9a6c46ffc2,sell,Mango,USD Coin,0.0205,673
2022-10-11 23:11:03.037477,8e66576acbfa17adaccd39a503ae7a38274d9580853d31c01141d290bf35df9e,sell,Mango,USD Coin,0.0203,764
2022-10-11 23:11:03.037477,09a2555107201310a50f8f49d835a3bc76ace756548159c5aa9cfb9a6c46ffc2,sell,Mango,USD Coin,0.0201,131
2022-10-11 23:11:03.037477,8e66576acbfa17adaccd39a503ae7a38274d9580853d31c01141d290bf35df9e,sell,Mango,USD Coin,0.0201,45
2022-10-11 23:11:03.037477,dcf91a667e073a39b972a4f02bdc682810e156247004ac3bcda88275dc8e983f,sell,Mango,USD Coin,0.021,282
2022-10-11 23:11:03.037477,dcf91a667e073a39b972a4f02bdc682810e156247004ac3bcda88275dc8e983f,sell,Mango,USD Coin,0.021,458
2022-10-11 23:11:03.037477,dcf91a667e073a39b972a4f02bdc682810e156247004ac3bcda88275dc8e983f,sell,Mango,USD Coin,0.0195,28
2022-10-11 23:11:03.037477,9e61a6e653be60f0e6c72b3f5a0123ad17e0548acb8ba19fc9f5f984f98e00c9,sell,Mango,USD Coin,0.0204,1653
2022-10-11 23:10:27.58592,052a204c36e4b806ce32b539474b8e6db78955e64b66043fbba431ef289a3d30,sell,Mango,USD Coin,0.0224,76
2022-10-11 23:10:27.58592,Mango,sell,Mango,USD Coin,0.0229,77
2022-10-11 23:10:27.58592,c451cf9687e64bcb54efa9b5f1ebfe9874adf11c93b3734c4f5b932a70a4c3a5,sell,Mango,USD Coin,0.0224,455
2022-10-11 23:10:27.58592,052a204c36e4b806ce32b539474b8e6db78955e64b66043fbba431ef289a3d30,sell,Mango,USD Coin,0.0219,21
2022-10-11 23:08:47.418384,c451cf9687e64bcb54efa9b5f1ebfe9874adf11c93b3734c4f5b932a70a4c3a5,buy,Mango,USD Coin,0.026,174
2022-10-11 23:08:47.418384,c451cf9687e64bcb54efa9b5f1ebfe9874adf11c93b3734c4f5b932a70a4c3a5,buy,Mango,USD Coin,0.0259,385
2022-10-11 23:08:47.418384,c451cf9687e64bcb54efa9b5f1ebfe9874adf11c93b3734c4f5b932a70a4c3a5,buy,Mango,USD Coin,0.0259,211
2022-10-11 23:08:41.21397,feeb58bcc00a17003443357b8c26b22bec8028e06a09c5bd999ff7b908dbd1a4,buy,Mango,USD Coin,0.026,834
2022-10-11 23:08:41.21397,c451cf9687e64bcb54efa9b5f1ebfe9874adf11c93b3734c4f5b932a70a4c3a5,buy,Mango,USD Coin,0.026,384
2022-10-11 23:08:35.413921,feeb58bcc00a17003443357b8c26b22bec8028e06a09c5bd999ff7b908dbd1a4,buy,Mango,USD Coin,0.026,524
2022-10-11 23:08:35.413921,Mango,sell,Mango,USD Coin,0.0219,62
2022-10-11 23:08:35.413921,feeb58bcc00a17003443357b8c26b22bec8028e06a09c5bd999ff7b908dbd1a4,buy,Mango,USD Coin,0.0258,840
2022-10-11 23:08:24.612446,dcf91a667e073a39b972a4f02bdc682810e156247004ac3bcda88275dc8e983f,buy,Mango,USD Coin,0.0258,840
2022-10-11 23:08:24.612446,dcf91a667e073a39b972a4f02bdc682810e156247004ac3bcda88275dc8e983f,buy,Mango,USD Coin,0.026,127
2022-10-11 23:07:40.392408,feeb58bcc00a17003443357b8c26b22bec8028e06a09c5bd999ff7b908dbd1a4,buy,Mango,USD Coin,0.025,163
2022-10-11 23:07:34.573,c451cf9687e64bcb54efa9b5f1ebfe9874adf11c93b3734c4f5b932a70a4c3a5,buy,Mango,USD Coin,0.025,399
2022-10-11 23:07:28.764221,dcf91a667e073a39b972a4f02bdc682810e156247004ac3bcda88275dc8e983f,buy,Mango,USD Coin,0.0248,633
2022-10-11 23:07:28.764221,dcf91a667e073a39b972a4f02bdc682810e156247004ac3bcda88275dc8e983f,buy,Mango,USD Coin,0.0252,368
2022-10-11 23:07:23.11375,903f28ab82e8198f8dfb4d59e78830091bb222be0ee8817e6751bdef8564a6e4,buy,Mango,USD Coin,0.0249,105
2022-10-11 23:07:23.11375,c451cf9687e64bcb54efa9b5f1ebfe9874adf11c93b3734c4f5b932a70a4c3a5,buy,Mango,USD Coin,0.0249,401
2022-10-11 23:07:23.11375,dcf91a667e073a39b972a4f02bdc682810e156247004ac3bcda88275dc8e983f,buy,Mango,USD Coin,0.0249,496
2022-10-11 23:07:23.11375,dcf91a667e073a39b972a4f02bdc682810e156247004ac3bcda88275dc8e983f,buy,Mango,USD Coin,0.0251,1493
2022-10-11 23:07:23.11375,dcf91a667e073a39b972a4f02bdc682810e156247004ac3bcda88275dc8e983f,buy,Mango,USD Coin,0.0252,1989
2022-10-11 23:07:23.11375,903f28ab82e8198f8dfb4d59e78830091bb222be0ee8817e6751bdef8564a6e4,buy,Mango,USD Coin,0.0248,303
2022-10-11 23:07:23.11375,903f28ab82e8198f8dfb4d59e78830091bb222be0ee8817e6751bdef8564a6e4,buy,Mango,USD Coin,0.0246,728
2022-10-11 23:07:11.459494,c451cf9687e64bcb54efa9b5f1ebfe9874adf11c93b3734c4f5b932a70a4c3a5,buy,Mango,USD Coin,0.0248,1739
2022-10-11 23:07:11.459494,c451cf9687e64bcb54efa9b5f1ebfe9874adf11c93b3734c4f5b932a70a4c3a5,buy,Mango,USD Coin,0.0248,1187
2022-10-11 23:07:11.459494,c451cf9687e64bcb54efa9b5f1ebfe9874adf11c93b3734c4f5b932a70a4c3a5,buy,Mango,USD Coin,0.0244,421
2022-10-11 23:07:11.459494,c451cf9687e64bcb54efa9b5f1ebfe9874adf11c93b3734c4f5b932a70a4c3a5,buy,Mango,USD Coin,0.0244,701
2022-10-11 23:06:58.650583,e9dbe1704f50f5ada909be739dc359549d6e5a04d36a557f9ce87bb02a02eb08,buy,Mango,USD Coin,0.0243,26
2022-10-11 23:06:58.650583,Mango,sell,Mango,USD Coin,0.0199,4
2022-10-11 23:06:58.650583,c451cf9687e64bcb54efa9b5f1ebfe9874adf11c93b3734c4f5b932a70a4c3a5,buy,Mango,USD Coin,0.0235,425
2022-10-11 23:06:58.650583,e9dbe1704f50f5ada909be739dc359549d6e5a04d36a557f9ce87bb02a02eb08,buy,Mango,USD Coin,0.0241,1384
2022-10-11 23:06:58.650583,dcf91a667e073a39b972a4f02bdc682810e156247004ac3bcda88275dc8e983f,buy,Mango,USD Coin,0.0243,1028
2022-10-11 23:06:58.650583,feeb58bcc00a17003443357b8c26b22bec8028e06a09c5bd999ff7b908dbd1a4,buy,Mango,USD Coin,0.0243,183
2022-10-11 23:06:58.650583,dcf91a667e073a39b972a4f02bdc682810e156247004ac3bcda88275dc8e983f,buy,Mango,USD Coin,0.0242,1032
2022-10-11 23:06:58.650583,dcf91a667e073a39b972a4f02bdc682810e156247004ac3bcda88275dc8e983f,buy,Mango,USD Coin,0.024,903
2022-10-11 23:06:58.650583,dcf91a667e073a39b972a4f02bdc682810e156247004ac3bcda88275dc8e983f,buy,Mango,USD Coin,0.0242,411
2022-10-11 23:06:58.650583,dcf91a667e073a39b972a4f02bdc682810e156247004ac3bcda88275dc8e983f,buy,Mango,USD Coin,0.0243,1
2022-10-11 23:06:58.650583,dcf91a667e073a39b972a4f02bdc682810e156247004ac3bcda88275dc8e983f,buy,Mango,USD Coin,0.0244,751
2022-10-11 23:06:58.650583,c451cf9687e64bcb54efa9b5f1ebfe9874adf11c93b3734c4f5b932a70a4c3a5,buy,Mango,USD Coin,0.0244,409
2022-10-11 23:06:02.746842,dcf91a667e073a39b972a4f02bdc682810e156247004ac3bcda88275dc8e983f,buy,Mango,USD Coin,0.0223,667
2022-10-11 23:06:02.746842,dcf91a667e073a39b972a4f02bdc682810e156247004ac3bcda88275dc8e983f,buy,Mango,USD Coin,0.0217,466
2022-10-11 23:06:02.746842,c451cf9687e64bcb54efa9b5f1ebfe9874adf11c93b3734c4f5b932a70a4c3a5,buy,Mango,USD Coin,0.0217,460
2022-10-11 23:05:57.678849,Mango,sell,Mango,USD Coin,0.0189,1
2022-10-11 23:05:57.678849,Mango,sell,Mango,USD Coin,0.0189,5
2022-10-11 23:05:57.678849,Mango,sell,Mango,USD Coin,0.0189,6
2022-10-11 23:05:57.678849,Mango,sell,Mango,USD Coin,0.0187,14
2022-10-11 23:05:57.678849,Mango,sell,Mango,USD Coin,0.0187,9
2022-10-11 23:05:06.79148,Mango,sell,Mango,USD Coin,0.0186,3
2022-10-11 23:05:06.79148,Mango,sell,Mango,USD Coin,0.0186,17
2022-10-11 23:05:06.79148,Mango,sell,Mango,USD Coin,0.0186,86
2022-10-11 23:05:06.79148,Mango,sell,Mango,USD Coin,0.0186,5
2022-10-11 23:05:00.694955,Mango,sell,Mango,USD Coin,0.0186,156
2022-10-11 23:05:00.694955,Mango,sell,Mango,USD Coin,0.0186,21
2022-10-11 23:05:00.694955,Mango,sell,Mango,USD Coin,0.0186,14
2022-10-11 23:04:51.525762,Mango,sell,Mango,USD Coin,0.0187,3
2022-10-11 23:04:51.525762,Mango,sell,Mango,USD Coin,0.0187,24
2022-10-11 23:04:51.525762,Mango,sell,Mango,USD Coin,0.0155,9
2022-10-11 23:04:51.525762,Mango,sell,Mango,USD Coin,0.0187,40
2022-10-11 23:04:51.525762,Mango,sell,Mango,USD Coin,0.0187,6
2022-10-11 23:04:46.515889,Mango,sell,Mango,USD Coin,0.0187,4
2022-10-11 23:04:46.515889,Mango,sell,Mango,USD Coin,0.0187,7
2022-10-11 23:04:46.515889,Mango,sell,Mango,USD Coin,0.0187,6
2022-10-11 23:04:46.515889,Mango,sell,Mango,USD Coin,0.0187,23
2022-10-11 23:04:46.515889,Mango,sell,Mango,USD Coin,0.0187,452
2022-10-11 23:04:46.515889,Mango,sell,Mango,USD Coin,0.0187,22
2022-10-11 23:04:46.515889,Mango,sell,Mango,USD Coin,0.0187,84
2022-10-11 23:04:40.636119,Mango,sell,Mango,USD Coin,0.0186,5
2022-10-11 23:04:40.636119,Mango,sell,Mango,USD Coin,0.0186,244
2022-10-11 23:04:40.636119,Mango,sell,Mango,USD Coin,0.0155,47
2022-10-11 23:04:40.636119,Mango,sell,Mango,USD Coin,0.0186,5
2022-10-11 23:04:40.636119,Mango,sell,Mango,USD Coin,0.0186,1
2022-10-11 23:04:28.739987,c4f8c525b4d8139a1e54b3fda2cc138499c98522efa9aa8c1ba2704094fb6564,buy,Mango,USD Coin,0.0215,126
2022-10-11 23:04:28.739987,Mango,sell,Mango,USD Coin,0.0177,1864
2022-10-11 23:04:28.739987,Mango,sell,Mango,USD Coin,0.0177,2005
2022-10-11 23:04:28.739987,c4f8c525b4d8139a1e54b3fda2cc138499c98522efa9aa8c1ba2704094fb6564,buy,Mango,USD Coin,0.0164,2436
2022-10-11 23:04:28.739987,c451cf9687e64bcb54efa9b5f1ebfe9874adf11c93b3734c4f5b932a70a4c3a5,sell,Mango,USD Coin,0.0186,538
2022-10-11 23:04:23.112253,dcf91a667e073a39b972a4f02bdc682810e156247004ac3bcda88275dc8e983f,sell,Mango,USD Coin,0.0186,538
2022-10-11 23:04:10.644632,dcf91a667e073a39b972a4f02bdc682810e156247004ac3bcda88275dc8e983f,sell,Mango,USD Coin,0.0187,536
2022-10-11 23:04:04.42641,c451cf9687e64bcb54efa9b5f1ebfe9874adf11c93b3734c4f5b932a70a4c3a5,sell,Mango,USD Coin,0.0187,536
2022-10-11 23:03:58.421037,Mango,sell,Mango,USD Coin,0.0177,5
2022-10-11 23:03:58.421037,Mango,sell,Mango,USD Coin,0.0186,16
2022-10-11 23:03:58.421037,Mango,sell,Mango,USD Coin,0.0186,1
2022-10-11 23:03:58.421037,Mango,sell,Mango,USD Coin,0.0186,48
2022-10-11 23:03:58.421037,Mango,sell,Mango,USD Coin,0.0186,60
2022-10-11 23:03:58.421037,Mango,sell,Mango,USD Coin,0.0186,1
2022-10-11 23:03:58.421037,Mango,sell,Mango,USD Coin,0.0185,5
2022-10-11 23:03:58.421037,Mango,sell,Mango,USD Coin,0.0185,16
2022-10-11 23:03:58.421037,Mango,sell,Mango,USD Coin,0.0184,5
2022-10-11 23:03:58.421037,Mango,sell,Mango,USD Coin,0.0184,264
2022-10-11 23:03:58.421037,Mango,buy,Mango,USD Coin,0.0219,577
2022-10-11 23:03:58.421037,Mango,buy,Mango,USD Coin,0.022,830
2022-10-11 23:03:58.421037,Mango,buy,Mango,USD Coin,0.0223,586
2022-10-11 23:03:58.421037,Mango,buy,Mango,USD Coin,0.0233,565
2022-10-11 23:03:58.421037,Mango,buy,Mango,USD Coin,0.0242,645
2022-10-11 23:03:58.421037,Mango,buy,Mango,USD Coin,0.0258,1797
2022-10-11 23:03:58.421037,Mango,sell,Mango,USD Coin,0.0187,3
2022-10-11 23:03:23.511551,Mango,sell,Mango,USD Coin,0.0184,120
2022-10-11 23:03:23.511551,Mango,sell,Mango,USD Coin,0.0184,1
2022-10-11 23:03:23.511551,Mango,sell,Mango,USD Coin,0.0184,4
2022-10-11 23:03:07.249821,Mango,sell,Mango,USD Coin,0.0197,17
2022-10-11 23:03:07.249821,Mango,sell,Mango,USD Coin,0.0197,95
2022-10-11 23:03:01.254731,Mango,sell,Mango,USD Coin,0.0212,10
2022-10-11 23:03:01.254718,Mango,sell,Mango,USD Coin,0.0206,32
2022-10-11 23:03:01.254718,Mango,sell,Mango,USD Coin,0.0212,2
2022-10-11 23:03:01.254718,Mango,sell,Mango,USD Coin,0.0212,6
2022-10-11 23:03:01.254718,Mango,sell,Mango,USD Coin,0.0212,95
2022-10-11 23:03:01.254718,052a204c36e4b806ce32b539474b8e6db78955e64b66043fbba431ef289a3d30,sell,Mango,USD Coin,0.0212,102
2022-10-11 23:03:01.254718,Mango,sell,Mango,USD Coin,0.0212,4
2022-10-11 23:03:01.254718,c451cf9687e64bcb54efa9b5f1ebfe9874adf11c93b3734c4f5b932a70a4c3a5,sell,Mango,USD Coin,0.021,485
2022-10-11 23:03:01.254718,Mango,sell,Mango,USD Coin,0.021,1
2022-10-11 23:03:01.254718,Mango,sell,Mango,USD Coin,0.021,2
2022-10-11 23:03:01.254718,Mango,sell,Mango,USD Coin,0.021,163
2022-10-11 23:03:01.254718,Mango,sell,Mango,USD Coin,0.021,23
2022-10-11 23:03:01.254718,Mango,sell,Mango,USD Coin,0.0177,7
2022-10-11 23:03:01.254718,c451cf9687e64bcb54efa9b5f1ebfe9874adf11c93b3734c4f5b932a70a4c3a5,sell,Mango,USD Coin,0.0206,487
2022-10-11 23:03:01.254718,Mango,sell,Mango,USD Coin,0.0206,10
2022-10-11 23:03:01.254718,Mango,sell,Mango,USD Coin,0.0206,140
2022-10-11 23:03:01.254718,Mango,sell,Mango,USD Coin,0.0206,11
2022-10-11 23:03:01.254718,Mango,sell,Mango,USD Coin,0.0206,26
2022-10-11 23:03:01.254718,Mango,sell,Mango,USD Coin,0.0206,16
2022-10-11 23:03:01.254718,Mango,sell,Mango,USD Coin,0.0206,48
2022-10-11 23:03:01.254718,Mango,sell,Mango,USD Coin,0.0206,19
2022-10-11 23:02:26.809205,Mango,sell,Mango,USD Coin,0.0212,20
2022-10-11 23:02:26.809205,Mango,sell,Mango,USD Coin,0.0212,8
2022-10-11 23:02:26.809205,Mango,sell,Mango,USD Coin,0.0212,104
2022-10-11 23:02:26.809205,Mango,sell,Mango,USD Coin,0.0212,37
2022-10-11 23:02:26.809205,Mango,sell,Mango,USD Coin,0.0212,14
2022-10-11 23:02:26.809205,Mango,sell,Mango,USD Coin,0.0212,3
2022-10-11 23:02:26.809205,Mango,sell,Mango,USD Coin,0.0212,19
2022-10-11 23:02:26.809205,Mango,sell,Mango,USD Coin,0.0212,9
2022-10-11 23:02:26.809205,Mango,sell,Mango,USD Coin,0.0212,45
2022-10-11 23:02:26.809205,Mango,sell,Mango,USD Coin,0.0212,62
2022-10-11 23:02:26.809205,Mango,sell,Mango,USD Coin,0.0212,30
2022-10-11 23:02:26.809205,Mango,sell,Mango,USD Coin,0.0212,6
2022-10-11 23:02:05.066813,Mango,sell,Mango,USD Coin,0.0214,42
2022-10-11 23:02:05.066813,Mango,sell,Mango,USD Coin,0.0214,43
2022-10-11 23:02:05.066813,Mango,sell,Mango,USD Coin,0.0214,43
2022-10-11 23:02:05.066813,Mango,sell,Mango,USD Coin,0.0214,10
2022-10-11 23:01:59.045391,Mango,sell,Mango,USD Coin,0.0213,265
2022-10-11 23:01:59.045391,Mango,sell,Mango,USD Coin,0.022,9
2022-10-11 23:01:59.045391,Mango,sell,Mango,USD Coin,0.0213,114
2022-10-11 23:01:59.045391,Mango,sell,Mango,USD Coin,0.0213,331
2022-10-11 23:01:59.045391,Mango,sell,Mango,USD Coin,0.0213,12
2022-10-11 23:01:59.045391,Mango,sell,Mango,USD Coin,0.0213,137
2022-10-11 23:01:59.045391,Mango,sell,Mango,USD Coin,0.0201,747
2022-10-11 23:01:59.045391,Mango,sell,Mango,USD Coin,0.0198,195
2022-10-11 23:01:59.045391,Mango,sell,Mango,USD Coin,0.0177,453
2022-10-11 22:59:30.956993,Mango,sell,Mango,USD Coin,0.0198,8
2022-10-11 22:59:30.956993,Mango,sell,Mango,USD Coin,0.0198,5
2022-10-11 22:58:58.480078,Mango,sell,Mango,USD Coin,0.0198,3
2022-10-11 22:58:52.440255,Mango,sell,Mango,USD Coin,0.0198,26
2022-10-11 22:58:52.440255,Mango,sell,Mango,USD Coin,0.0198,35
2022-10-11 22:58:52.440255,Mango,sell,Mango,USD Coin,0.0198,5
2022-10-11 22:58:52.440255,Mango,sell,Mango,USD Coin,0.0198,204
2022-10-11 22:58:52.440255,Mango,sell,Mango,USD Coin,0.0198,5
2022-10-11 22:58:52.440255,Mango,sell,Mango,USD Coin,0.0198,35
2022-10-11 22:58:52.440255,Mango,sell,Mango,USD Coin,0.0198,10
2022-10-11 22:58:52.440255,Mango,sell,Mango,USD Coin,0.0198,1
2022-10-11 22:58:47.045185,Mango,sell,Mango,USD Coin,0.0187,18
2022-10-11 22:58:47.045185,Mango,sell,Mango,USD Coin,0.0187,127
2022-10-11 22:58:37.088537,c4f8c525b4d8139a1e54b3fda2cc138499c98522efa9aa8c1ba2704094fb6564,sell,Mango,USD Coin,0.003,8
2022-10-11 22:58:37.088537,c4f8c525b4d8139a1e54b3fda2cc138499c98522efa9aa8c1ba2704094fb6564,sell,Mango,USD Coin,0.026,512
2022-10-11 22:58:37.088537,c4f8c525b4d8139a1e54b3fda2cc138499c98522efa9aa8c1ba2704094fb6564,sell,Mango,USD Coin,0.026,192
2022-10-11 22:58:37.088537,c4f8c525b4d8139a1e54b3fda2cc138499c98522efa9aa8c1ba2704094fb6564,sell,Mango,USD Coin,0.022,4
2022-10-11 22:58:31.300556,8e66576acbfa17adaccd39a503ae7a38274d9580853d31c01141d290bf35df9e,sell,Mango,USD Coin,0.022,264
2022-10-11 22:58:25.447905,dcf91a667e073a39b972a4f02bdc682810e156247004ac3bcda88275dc8e983f,sell,Mango,USD Coin,0.022,466
2022-10-11 22:58:25.447905,6c8816eeb636e7b7514c0a12bc8a4d18c7372a54a3492af432300e20e832d3d3,sell,Mango,USD Coin,0.0221,3533
2022-10-11 22:58:25.447905,6c8816eeb636e7b7514c0a12bc8a4d18c7372a54a3492af432300e20e832d3d3,sell,Mango,USD Coin,0.022,5607
2022-10-11 22:58:25.447905,6c8816eeb636e7b7514c0a12bc8a4d18c7372a54a3492af432300e20e832d3d3,sell,Mango,USD Coin,0.022,3383
2022-10-11 22:58:25.447905,e9dbe1704f50f5ada909be739dc359549d6e5a04d36a557f9ce87bb02a02eb08,sell,Mango,USD Coin,0.022,1267
2022-10-11 22:58:25.447905,e9dbe1704f50f5ada909be739dc359549d6e5a04d36a557f9ce87bb02a02eb08,sell,Mango,USD Coin,0.022,730
2022-10-11 22:58:25.447905,c451cf9687e64bcb54efa9b5f1ebfe9874adf11c93b3734c4f5b932a70a4c3a5,sell,Mango,USD Coin,0.022,465
2022-10-11 22:58:19.440292,e9dbe1704f50f5ada909be739dc359549d6e5a04d36a557f9ce87bb02a02eb08,sell,Mango,USD Coin,0.026,93
2022-10-11 22:58:19.440292,8e66576acbfa17adaccd39a503ae7a38274d9580853d31c01141d290bf35df9e,sell,Mango,USD Coin,0.026,753
2022-10-11 22:58:19.440292,e9dbe1704f50f5ada909be739dc359549d6e5a04d36a557f9ce87bb02a02eb08,sell,Mango,USD Coin,0.0221,854
2022-10-11 22:58:13.848434,052a204c36e4b806ce32b539474b8e6db78955e64b66043fbba431ef289a3d30,sell,Mango,USD Coin,0.0261,752
2022-10-11 22:58:13.848434,052a204c36e4b806ce32b539474b8e6db78955e64b66043fbba431ef289a3d30,sell,Mango,USD Coin,0.0221,3
2022-10-11 22:58:08.247545,Mango,sell,Mango,USD Coin,0.0221,1
2022-10-11 22:58:08.247545,Mango,sell,Mango,USD Coin,0.0261,28
2022-10-11 22:58:02.386685,c451cf9687e64bcb54efa9b5f1ebfe9874adf11c93b3734c4f5b932a70a4c3a5,sell,Mango,USD Coin,0.0261,385
2022-10-11 22:58:02.386685,Mango,sell,Mango,USD Coin,0.0261,59
2022-10-11 22:58:02.386685,Mango,sell,Mango,USD Coin,0.0261,152
2022-10-11 22:58:02.386685,Mango,sell,Mango,USD Coin,0.0261,79
2022-10-11 22:58:02.386685,Mango,sell,Mango,USD Coin,0.0261,83
2022-10-11 22:57:56.568515,Mango,sell,Mango,USD Coin,0.0263,19
2022-10-11 22:57:56.568515,052a204c36e4b806ce32b539474b8e6db78955e64b66043fbba431ef289a3d30,sell,Mango,USD Coin,0.0263,202
2022-10-11 22:57:56.568515,Mango,sell,Mango,USD Coin,0.0263,5
2022-10-11 22:57:56.568515,Mango,sell,Mango,USD Coin,0.0263,17
2022-10-11 22:57:56.568515,Mango,sell,Mango,USD Coin,0.0263,10
2022-10-11 22:57:56.568515,Mango,sell,Mango,USD Coin,0.0263,113
2022-10-11 22:57:56.568515,Mango,sell,Mango,USD Coin,0.0263,147
2022-10-11 22:57:56.568515,Mango,sell,Mango,USD Coin,0.0263,29
2022-10-11 22:56:43.475128,8e76bd1b52fcaf31aa30c7912bb8eddf63ae54e1e173b3724039a995fbf3deb1,buy,Mango,USD Coin,0.0318,582
2022-10-11 22:56:43.475128,dcf91a667e073a39b972a4f02bdc682810e156247004ac3bcda88275dc8e983f,buy,Mango,USD Coin,0.0255,1960
2022-10-11 22:56:43.475128,8e76bd1b52fcaf31aa30c7912bb8eddf63ae54e1e173b3724039a995fbf3deb1,buy,Mango,USD Coin,0.0255,2822
2022-10-11 22:56:43.475128,8e76bd1b52fcaf31aa30c7912bb8eddf63ae54e1e173b3724039a995fbf3deb1,buy,Mango,USD Coin,0.0377,104
2022-10-11 22:56:01.039062,Alameda,buy,Mango,USD Coin,0.0269,30
2022-10-11 22:56:01.039062,09a2555107201310a50f8f49d835a3bc76ace756548159c5aa9cfb9a6c46ffc2,buy,Mango,USD Coin,0.0269,740
2022-10-11 22:55:05.29087,e9dbe1704f50f5ada909be739dc359549d6e5a04d36a557f9ce87bb02a02eb08,buy,Mango,USD Coin,0.0209,7827
2022-10-11 22:55:05.29087,e9dbe1704f50f5ada909be739dc359549d6e5a04d36a557f9ce87bb02a02eb08,buy,Mango,USD Coin,0.041,8
2022-10-11 22:54:31.04984,Alameda,sell,Mango,USD Coin,0.0364,1
2022-10-11 22:54:12.76558,c451cf9687e64bcb54efa9b5f1ebfe9874adf11c93b3734c4f5b932a70a4c3a5,sell,Mango,USD Coin,0.0364,359
2022-10-11 22:54:12.76558,dcf91a667e073a39b972a4f02bdc682810e156247004ac3bcda88275dc8e983f,sell,Mango,USD Coin,0.0364,346
2022-10-11 22:54:12.76558,dcf91a667e073a39b972a4f02bdc682810e156247004ac3bcda88275dc8e983f,sell,Mango,USD Coin,0.0364,346
2022-10-11 22:54:12.76558,8d8f9edba004578dc7289e53e2232bee5a3e39a90cf81724a21482932761205c,sell,Mango,USD Coin,0.0364,991
2022-10-11 22:54:12.76558,Mango,sell,Mango,USD Coin,0.0364,16
2022-10-11 22:54:12.76558,Mango,sell,Mango,USD Coin,0.0364,44
2022-10-11 22:54:12.76558,Mango,sell,Mango,USD Coin,0.0364,3
2022-10-11 22:54:12.76558,c451cf9687e64bcb54efa9b5f1ebfe9874adf11c93b3734c4f5b932a70a4c3a5,sell,Mango,USD Coin,0.0364,347
2022-10-11 22:54:12.76558,c451cf9687e64bcb54efa9b5f1ebfe9874adf11c93b3734c4f5b932a70a4c3a5,sell,Mango,USD Coin,0.0364,3861
2022-10-11 22:54:12.76558,c451cf9687e64bcb54efa9b5f1ebfe9874adf11c93b3734c4f5b932a70a4c3a5,sell,Mango,USD Coin,0.0364,1864
2022-10-11 22:54:12.76558,c451cf9687e64bcb54efa9b5f1ebfe9874adf11c93b3734c4f5b932a70a4c3a5,sell,Mango,USD Coin,0.0364,1822
2022-10-11 22:54:06.705171,feeb58bcc00a17003443357b8c26b22bec8028e06a09c5bd999ff7b908dbd1a4,buy,Mango,USD Coin,0.0242,383
2022-10-11 22:54:06.705171,Alameda,buy,Mango,USD Coin,0.0242,1
2022-10-11 22:54:01.656453,c451cf9687e64bcb54efa9b5f1ebfe9874adf11c93b3734c4f5b932a70a4c3a5,buy,Mango,USD Coin,0.0242,2055
2022-10-11 22:54:01.656453,dcf91a667e073a39b972a4f02bdc682810e156247004ac3bcda88275dc8e983f,buy,Mango,USD Coin,0.0242,2065
2022-10-11 22:54:01.656453,dcf91a667e073a39b972a4f02bdc682810e156247004ac3bcda88275dc8e983f,buy,Mango,USD Coin,0.0242,20652
2022-10-11 22:54:01.656453,c451cf9687e64bcb54efa9b5f1ebfe9874adf11c93b3734c4f5b932a70a4c3a5,buy,Mango,USD Coin,0.0242,4121
2022-10-11 22:54:01.656453,dcf91a667e073a39b972a4f02bdc682810e156247004ac3bcda88275dc8e983f,buy,Mango,USD Coin,0.0242,2065
2022-10-11 22:54:01.656453,c451cf9687e64bcb54efa9b5f1ebfe9874adf11c93b3734c4f5b932a70a4c3a5,buy,Mango,USD Coin,0.0242,402
2022-10-11 22:54:01.656453,c451cf9687e64bcb54efa9b5f1ebfe9874adf11c93b3734c4f5b932a70a4c3a5,buy,Mango,USD Coin,0.0242,2055
2022-10-11 22:54:01.656453,c451cf9687e64bcb54efa9b5f1ebfe9874adf11c93b3734c4f5b932a70a4c3a5,buy,Mango,USD Coin,0.0242,2055
2022-10-11 22:54:01.656453,5ce2c6952a6137b82ff6a548f38a8a8b106862cfc8f0198905c13482fffbc955,buy,Mango,USD Coin,0.0242,5411
2022-10-11 22:54:01.656453,5ce2c6952a6137b82ff6a548f38a8a8b106862cfc8f0198905c13482fffbc955,buy,Mango,USD Coin,0.0242,5778
2022-10-11 22:54:01.656453,c4f8c525b4d8139a1e54b3fda2cc138499c98522efa9aa8c1ba2704094fb6564,buy,Mango,USD Coin,0.0242,17622
2022-10-11 22:54:01.656453,c4f8c525b4d8139a1e54b3fda2cc138499c98522efa9aa8c1ba2704094fb6564,buy,Mango,USD Coin,0.0242,8767
2022-10-11 22:54:01.656453,c451cf9687e64bcb54efa9b5f1ebfe9874adf11c93b3734c4f5b932a70a4c3a5,buy,Mango,USD Coin,0.0242,402
2022-10-11 22:54:01.656453,c451cf9687e64bcb54efa9b5f1ebfe9874adf11c93b3734c4f5b932a70a4c3a5,buy,Mango,USD Coin,0.0242,413
2022-10-11 22:54:01.656453,e0fa35bcfeac43e9b09247aca2a01e5314838a4e5eadc78e47af43f5b04485b6,buy,Mango,USD Coin,0.0242,2313
2022-10-11 22:54:01.656453,e9dbe1704f50f5ada909be739dc359549d6e5a04d36a557f9ce87bb02a02eb08,buy,Mango,USD Coin,0.0242,3819
2022-10-11 22:54:01.656453,5ce2c6952a6137b82ff6a548f38a8a8b106862cfc8f0198905c13482fffbc955,buy,Mango,USD Coin,0.0242,5661
2022-10-11 22:54:01.656453,5ce2c6952a6137b82ff6a548f38a8a8b106862cfc8f0198905c13482fffbc955,buy,Mango,USD Coin,0.0242,5548
2022-10-11 22:54:01.656453,5ce2c6952a6137b82ff6a548f38a8a8b106862cfc8f0198905c13482fffbc955,buy,Mango,USD Coin,0.0242,5431
2022-10-11 22:54:01.656453,c451cf9687e64bcb54efa9b5f1ebfe9874adf11c93b3734c4f5b932a70a4c3a5,buy,Mango,USD Coin,0.0242,2055
2022-10-11 22:53:43.375979,Alameda,buy,Mango,USD Coin,0.0323,3
2022-10-11 22:53:22.955901,c451cf9687e64bcb54efa9b5f1ebfe9874adf11c93b3734c4f5b932a70a4c3a5,buy,Mango,USD Coin,0.0242,2065
2022-10-11 22:53:22.955901,0f8e8c235ee4177a79349f856c865d780f6d5d329ee8391721b4934f0b190104,buy,Mango,USD Coin,0.0242,588
2022-10-11 22:53:17.142854,c451cf9687e64bcb54efa9b5f1ebfe9874adf11c93b3734c4f5b932a70a4c3a5,buy,Mango,USD Coin,0.0242,1032
2022-10-11 22:53:17.142854,c451cf9687e64bcb54efa9b5f1ebfe9874adf11c93b3734c4f5b932a70a4c3a5,buy,Mango,USD Coin,0.0242,402
2022-10-11 22:53:17.142854,dcf91a667e073a39b972a4f02bdc682810e156247004ac3bcda88275dc8e983f,buy,Mango,USD Coin,0.0242,1032
2022-10-11 22:53:17.142854,dcf91a667e073a39b972a4f02bdc682810e156247004ac3bcda88275dc8e983f,buy,Mango,USD Coin,0.0242,20652
2022-10-11 22:53:17.142854,5ce2c6952a6137b82ff6a548f38a8a8b106862cfc8f0198905c13482fffbc955,buy,Mango,USD Coin,0.0242,4349
2022-10-11 22:53:17.142854,5ce2c6952a6137b82ff6a548f38a8a8b106862cfc8f0198905c13482fffbc955,buy,Mango,USD Coin,0.0242,5777
2022-10-11 22:53:17.142854,e9dbe1704f50f5ada909be739dc359549d6e5a04d36a557f9ce87bb02a02eb08,buy,Mango,USD Coin,0.0242,903
2022-10-11 22:53:17.142854,dcf91a667e073a39b972a4f02bdc682810e156247004ac3bcda88275dc8e983f,buy,Mango,USD Coin,0.0242,1032
2022-10-11 22:53:17.142854,e7697cf4eed74673d3da1216729f4e1bb143096a8797ebb9cafee826a03f214a,buy,Mango,USD Coin,0.0242,2000
2022-10-11 22:53:17.142854,dcf91a667e073a39b972a4f02bdc682810e156247004ac3bcda88275dc8e983f,buy,Mango,USD Coin,0.0242,1032
2022-10-11 22:53:17.142854,e0fa35bcfeac43e9b09247aca2a01e5314838a4e5eadc78e47af43f5b04485b6,buy,Mango,USD Coin,0.0242,950
2022-10-11 22:53:17.142854,0f8e8c235ee4177a79349f856c865d780f6d5d329ee8391721b4934f0b190104,buy,Mango,USD Coin,0.0242,2000
2022-10-11 22:53:17.142854,c451cf9687e64bcb54efa9b5f1ebfe9874adf11c93b3734c4f5b932a70a4c3a5,buy,Mango,USD Coin,0.0242,402
2022-10-11 22:53:11.531138,Mango,buy,Mango,USD Coin,0.0242,26621
2022-10-11 22:53:06.075511,e9dbe1704f50f5ada909be739dc359549d6e5a04d36a557f9ce87bb02a02eb08,buy,Mango,USD Coin,0.0242,2974
2022-10-11 22:53:06.075511,c4f8c525b4d8139a1e54b3fda2cc138499c98522efa9aa8c1ba2704094fb6564,buy,Mango,USD Coin,0.0242,87671
2022-10-11 22:53:06.075511,e9dbe1704f50f5ada909be739dc359549d6e5a04d36a557f9ce87bb02a02eb08,buy,Mango,USD Coin,0.0242,4820
2022-10-11 22:53:06.075511,e0fa35bcfeac43e9b09247aca2a01e5314838a4e5eadc78e47af43f5b04485b6,buy,Mango,USD Coin,0.0242,10285
2022-10-11 22:53:06.075511,0f8e8c235ee4177a79349f856c865d780f6d5d329ee8391721b4934f0b190104,buy,Mango,USD Coin,0.0242,2000
2022-10-11 22:53:06.075511,8e76bd1b52fcaf31aa30c7912bb8eddf63ae54e1e173b3724039a995fbf3deb1,buy,Mango,USD Coin,0.0242,3900
2022-10-11 22:53:06.075511,e9dbe1704f50f5ada909be739dc359549d6e5a04d36a557f9ce87bb02a02eb08,buy,Mango,USD Coin,0.0242,2974
2022-10-11 22:53:06.075511,c451cf9687e64bcb54efa9b5f1ebfe9874adf11c93b3734c4f5b932a70a4c3a5,buy,Mango,USD Coin,0.0242,412
2022-10-11 22:53:06.075511,c451cf9687e64bcb54efa9b5f1ebfe9874adf11c93b3734c4f5b932a70a4c3a5,buy,Mango,USD Coin,0.0242,103264
2022-10-11 22:53:06.075511,e7697cf4eed74673d3da1216729f4e1bb143096a8797ebb9cafee826a03f214a,buy,Mango,USD Coin,0.0242,2000
2022-10-11 22:53:00.428061,c451cf9687e64bcb54efa9b5f1ebfe9874adf11c93b3734c4f5b932a70a4c3a5,buy,Mango,USD Coin,0.0373,3
2022-10-11 22:53:00.428061,c451cf9687e64bcb54efa9b5f1ebfe9874adf11c93b3734c4f5b932a70a4c3a5,buy,Mango,USD Coin,0.0386,3
2022-10-11 22:53:00.428061,c451cf9687e64bcb54efa9b5f1ebfe9874adf11c93b3734c4f5b932a70a4c3a5,buy,Mango,USD Coin,0.041,80
2022-10-11 22:53:00.428061,c451cf9687e64bcb54efa9b5f1ebfe9874adf11c93b3734c4f5b932a70a4c3a5,buy,Mango,USD Coin,0.0243,256
2022-10-11 22:49:43.603126,0e77676737cd2c8141b65d58ac281e36c237205b5abbe0255fab373f4a7fe070,sell,Mango,USD Coin,0.031,6451612
2022-10-11 22:49:43.603126,0e77676737cd2c8141b65d58ac281e36c237205b5abbe0255fab373f4a7fe070,sell,Mango,USD Coin,0.03,300
2022-10-11 22:49:43.603126,0e77676737cd2c8141b65d58ac281e36c237205b5abbe0255fab373f4a7fe070,sell,Mango,USD Coin,0.03,2000
2022-10-11 22:49:43.603126,0e77676737cd2c8141b65d58ac281e36c237205b5abbe0255fab373f4a7fe070,sell,Mango,USD Coin,0.0293,9883
2022-10-11 22:49:43.603126,0e77676737cd2c8141b65d58ac281e36c237205b5abbe0255fab373f4a7fe070,sell,Mango,USD Coin,0.0277,180
2022-10-11 22:49:43.603126,0e77676737cd2c8141b65d58ac281e36c237205b5abbe0255fab373f4a7fe070,sell,Mango,USD Coin,0.0264,5000
2022-10-11 22:49:43.603126,0e77676737cd2c8141b65d58ac281e36c237205b5abbe0255fab373f4a7fe070,sell,Mango,USD Coin,0.0261,3831
2022-10-11 22:49:43.603126,0e77676737cd2c8141b65d58ac281e36c237205b5abbe0255fab373f4a7fe070,sell,Mango,USD Coin,0.025,45
2022-10-11 22:49:43.603126,0e77676737cd2c8141b65d58ac281e36c237205b5abbe0255fab373f4a7fe070,sell,Mango,USD Coin,0.0225,440
2022-10-11 22:49:43.603126,0e77676737cd2c8141b65d58ac281e36c237205b5abbe0255fab373f4a7fe070,sell,Mango,USD Coin,0.02,500
2022-10-11 22:49:43.603126,0e77676737cd2c8141b65d58ac281e36c237205b5abbe0255fab373f4a7fe070,sell,Mango,USD Coin,0.02,487
2022-10-11 22:49:43.603126,0e77676737cd2c8141b65d58ac281e36c237205b5abbe0255fab373f4a7fe070,sell,Mango,USD Coin,0.01,250
2022-10-11 22:49:43.603126,0e77676737cd2c8141b65d58ac281e36c237205b5abbe0255fab373f4a7fe070,sell,Mango,USD Coin,0.005,2000
2022-10-11 22:49:43.603126,0e77676737cd2c8141b65d58ac281e36c237205b5abbe0255fab373f4a7fe070,sell,Mango,USD Coin,0.0005,87631
2022-10-11 22:49:43.603126,0e77676737cd2c8141b65d58ac281e36c237205b5abbe0255fab373f4a7fe070,sell,Mango,USD Coin,0.0015,51
2022-10-11 22:49:43.603126,0e77676737cd2c8141b65d58ac281e36c237205b5abbe0255fab373f4a7fe070,sell,Mango,USD Coin,0.0345,927604
2022-10-11 22:49:43.603126,0e77676737cd2c8141b65d58ac281e36c237205b5abbe0255fab373f4a7fe070,sell,Mango,USD Coin,0.0316,200
2022-10-11 22:49:43.603126,0e77676737cd2c8141b65d58ac281e36c237205b5abbe0255fab373f4a7fe070,sell,Mango,USD Coin,0.0315,7986
2022-10-11 22:49:10.975862,0e77676737cd2c8141b65d58ac281e36c237205b5abbe0255fab373f4a7fe070,sell,Mango,USD Coin,0.038,5048889
2022-10-11 22:49:10.975862,0e77676737cd2c8141b65d58ac281e36c237205b5abbe0255fab373f4a7fe070,sell,Mango,USD Coin,0.0402,532
2022-10-11 22:49:10.975862,0e77676737cd2c8141b65d58ac281e36c237205b5abbe0255fab373f4a7fe070,sell,Mango,USD Coin,0.038,2600
2022-10-11 22:49:10.975862,0e77676737cd2c8141b65d58ac281e36c237205b5abbe0255fab373f4a7fe070,sell,Mango,USD Coin,0.036,75695
2022-10-11 22:49:10.975862,0e77676737cd2c8141b65d58ac281e36c237205b5abbe0255fab373f4a7fe070,sell,Mango,USD Coin,0.0374,534
2022-10-11 22:49:10.975862,0e77676737cd2c8141b65d58ac281e36c237205b5abbe0255fab373f4a7fe070,sell,Mango,USD Coin,0.0345,4869497
2022-10-11 22:49:10.975862,0e77676737cd2c8141b65d58ac281e36c237205b5abbe0255fab373f4a7fe070,sell,Mango,USD Coin,0.0379,2253
2022-10-11 22:48:52.697614,c451cf9687e64bcb54efa9b5f1ebfe9874adf11c93b3734c4f5b932a70a4c3a5,sell,Mango,USD Coin,0.05,90
2022-10-11 22:48:52.697614,c451cf9687e64bcb54efa9b5f1ebfe9874adf11c93b3734c4f5b932a70a4c3a5,sell,Mango,USD Coin,0.0402,153
2022-10-11 22:48:40.04201,c451cf9687e64bcb54efa9b5f1ebfe9874adf11c93b3734c4f5b932a70a4c3a5,sell,Mango,USD Coin,0.0571,1267
2022-10-11 22:48:40.04201,c451cf9687e64bcb54efa9b5f1ebfe9874adf11c93b3734c4f5b932a70a4c3a5,sell,Mango,USD Coin,0.0571,252
2022-10-11 22:48:40.04201,dcf91a667e073a39b972a4f02bdc682810e156247004ac3bcda88275dc8e983f,sell,Mango,USD Coin,0.0571,8582
2022-10-11 22:48:40.04201,dcf91a667e073a39b972a4f02bdc682810e156247004ac3bcda88275dc8e983f,sell,Mango,USD Coin,0.0384,2153
2022-10-11 22:48:40.04201,dcf91a667e073a39b972a4f02bdc682810e156247004ac3bcda88275dc8e983f,sell,Mango,USD Coin,0.0382,1763
2022-10-11 22:48:34.017454,c451cf9687e64bcb54efa9b5f1ebfe9874adf11c93b3734c4f5b932a70a4c3a5,buy,Mango,USD Coin,0.0388,251
2022-10-11 22:48:28.006416,c451cf9687e64bcb54efa9b5f1ebfe9874adf11c93b3734c4f5b932a70a4c3a5,sell,Mango,USD Coin,0.0446,5
2022-10-11 22:48:28.006416,c451cf9687e64bcb54efa9b5f1ebfe9874adf11c93b3734c4f5b932a70a4c3a5,sell,Mango,USD Coin,0.0445,1
2022-10-11 22:48:28.006416,c451cf9687e64bcb54efa9b5f1ebfe9874adf11c93b3734c4f5b932a70a4c3a5,sell,Mango,USD Coin,0.0428,14
2022-10-11 22:48:28.006416,c451cf9687e64bcb54efa9b5f1ebfe9874adf11c93b3734c4f5b932a70a4c3a5,sell,Mango,USD Coin,0.0405,769
2022-10-11 22:48:28.006416,c451cf9687e64bcb54efa9b5f1ebfe9874adf11c93b3734c4f5b932a70a4c3a5,sell,Mango,USD Coin,0.0396,5
2022-10-11 22:48:28.006416,c451cf9687e64bcb54efa9b5f1ebfe9874adf11c93b3734c4f5b932a70a4c3a5,sell,Mango,USD Coin,0.039,826
2022-10-11 22:48:28.006416,c451cf9687e64bcb54efa9b5f1ebfe9874adf11c93b3734c4f5b932a70a4c3a5,sell,Mango,USD Coin,0.039,323
2022-10-11 22:48:28.006416,c451cf9687e64bcb54efa9b5f1ebfe9874adf11c93b3734c4f5b932a70a4c3a5,sell,Mango,USD Coin,0.039,814
2022-10-11 22:48:28.006416,c451cf9687e64bcb54efa9b5f1ebfe9874adf11c93b3734c4f5b932a70a4c3a5,sell,Mango,USD Coin,0.0386,800
2022-10-11 22:48:28.006416,c451cf9687e64bcb54efa9b5f1ebfe9874adf11c93b3734c4f5b932a70a4c3a5,sell,Mango,USD Coin,0.0386,1190
2022-10-11 22:48:28.006416,c451cf9687e64bcb54efa9b5f1ebfe9874adf11c93b3734c4f5b932a70a4c3a5,sell,Mango,USD Coin,0.0386,418
2022-10-11 22:48:28.006416,dcf91a667e073a39b972a4f02bdc682810e156247004ac3bcda88275dc8e983f,sell,Mango,USD Coin,0.0386,321
2022-10-11 22:48:28.006416,dcf91a667e073a39b972a4f02bdc682810e156247004ac3bcda88275dc8e983f,sell,Mango,USD Coin,0.0386,320
2022-10-11 22:48:28.006416,c451cf9687e64bcb54efa9b5f1ebfe9874adf11c93b3734c4f5b932a70a4c3a5,sell,Mango,USD Coin,0.0386,692
2022-10-11 22:48:28.006416,c451cf9687e64bcb54efa9b5f1ebfe9874adf11c93b3734c4f5b932a70a4c3a5,sell,Mango,USD Coin,0.038,2505
2022-10-11 22:48:28.006416,c451cf9687e64bcb54efa9b5f1ebfe9874adf11c93b3734c4f5b932a70a4c3a5,sell,Mango,USD Coin,0.038,2774
2022-10-11 22:48:28.006416,052a204c36e4b806ce32b539474b8e6db78955e64b66043fbba431ef289a3d30,sell,Mango,USD Coin,0.038,83256
2022-10-11 22:48:28.006416,Raydium,sell,Mango,USD Coin,0.038,2683
2022-10-11 22:48:28.006416,dcf91a667e073a39b972a4f02bdc682810e156247004ac3bcda88275dc8e983f,sell,Mango,USD Coin,0.038,264
2022-10-11 22:48:22.565305,Alameda,sell,Mango,USD Coin,0.0715,3406
2022-10-11 22:48:22.565305,Alameda,sell,Mango,USD Coin,0.0731,1569
2022-10-11 22:48:22.565305,Alameda,sell,Mango,USD Coin,0.0727,1830
2022-10-11 22:48:22.565305,Alameda,sell,Mango,USD Coin,0.0724,796
2022-10-11 22:48:22.565305,Alameda,sell,Mango,USD Coin,0.0721,1749
2022-10-11 22:48:22.565305,Alameda,sell,Mango,USD Coin,0.0705,4698
2022-10-11 22:48:05.482064,Alameda,sell,Mango,USD Coin,0.0735,1847
2022-10-11 22:48:05.482064,5ce2c6952a6137b82ff6a548f38a8a8b106862cfc8f0198905c13482fffbc955,buy,Mango,USD Coin,0.0516,2330
2022-10-11 22:48:05.482064,cb0a0c31cee0d64d31cd3a727098cae9810e82453f04774994ac00c1e7546689,buy,Mango,USD Coin,0.0516,2324
2022-10-11 22:48:05.482064,e9dbe1704f50f5ada909be739dc359549d6e5a04d36a557f9ce87bb02a02eb08,buy,Mango,USD Coin,0.0516,1044
2022-10-11 22:48:05.482064,Raydium,buy,Mango,USD Coin,0.0594,5
2022-10-11 22:48:05.482064,Alameda,sell,Mango,USD Coin,0.0739,1487
2022-10-11 22:48:05.482064,Alameda,sell,Mango,USD Coin,0.0732,740
2022-10-11 22:48:05.482064,Alameda,sell,Mango,USD Coin,0.05,47
2022-10-11 22:47:53.59716,8e76bd1b52fcaf31aa30c7912bb8eddf63ae54e1e173b3724039a995fbf3deb1,buy,Mango,USD Coin,0.0447,1010
2022-10-11 22:47:53.59716,8e76bd1b52fcaf31aa30c7912bb8eddf63ae54e1e173b3724039a995fbf3deb1,buy,Mango,USD Coin,0.39,125
2022-10-11 22:47:47.213035,bf7b2dc42d0e1fd0ca0ae2499a8ff7f31bee9afff6c4a3169ff7747926a2ca6e,buy,Mango,USD Coin,0.0461,224
2022-10-11 22:47:47.213035,Raydium,buy,Mango,USD Coin,0.0461,1387
2022-10-11 22:47:47.213035,Raydium,buy,Mango,USD Coin,0.0461,95
2022-10-11 22:47:41.7684,8e76bd1b52fcaf31aa30c7912bb8eddf63ae54e1e173b3724039a995fbf3deb1,buy,Mango,USD Coin,0.39,142
2022-10-11 22:47:41.7684,8e76bd1b52fcaf31aa30c7912bb8eddf63ae54e1e173b3724039a995fbf3deb1,buy,Mango,USD Coin,0.35,47
2022-10-11 22:47:41.7684,5ce2c6952a6137b82ff6a548f38a8a8b106862cfc8f0198905c13482fffbc955,buy,Mango,USD Coin,0.0569,1761
2022-10-11 22:47:41.7684,8e76bd1b52fcaf31aa30c7912bb8eddf63ae54e1e173b3724039a995fbf3deb1,buy,Mango,USD Coin,0.0569,1656
2022-10-11 22:47:41.7684,8e76bd1b52fcaf31aa30c7912bb8eddf63ae54e1e173b3724039a995fbf3deb1,buy,Mango,USD Coin,0.0569,2332
2022-10-11 22:47:41.7684,8e76bd1b52fcaf31aa30c7912bb8eddf63ae54e1e173b3724039a995fbf3deb1,buy,Mango,USD Coin,0.0569,2869
2022-10-11 22:47:36.368043,5ce2c6952a6137b82ff6a548f38a8a8b106862cfc8f0198905c13482fffbc955,buy,Mango,USD Coin,0.0966,911
2022-10-11 22:47:36.368043,5ce2c6952a6137b82ff6a548f38a8a8b106862cfc8f0198905c13482fffbc955,buy,Mango,USD Coin,0.0471,1513
2022-10-11 22:47:36.368043,5ce2c6952a6137b82ff6a548f38a8a8b106862cfc8f0198905c13482fffbc955,buy,Mango,USD Coin,0.0966,571
2022-10-11 22:47:36.368043,5ce2c6952a6137b82ff6a548f38a8a8b106862cfc8f0198905c13482fffbc955,buy,Mango,USD Coin,0.0527,2580
2022-10-11 22:47:36.368043,5ce2c6952a6137b82ff6a548f38a8a8b106862cfc8f0198905c13482fffbc955,buy,Mango,USD Coin,0.0527,2607
2022-10-11 22:47:36.368043,5ce2c6952a6137b82ff6a548f38a8a8b106862cfc8f0198905c13482fffbc955,buy,Mango,USD Coin,0.0527,316
2022-10-11 22:47:36.368043,5ce2c6952a6137b82ff6a548f38a8a8b106862cfc8f0198905c13482fffbc955,buy,Mango,USD Coin,0.097,327
2022-10-11 22:47:22.315101,Alameda,sell,Mango,USD Coin,0.1069,8495
2022-10-11 22:47:22.315101,Alameda,sell,Mango,USD Coin,0.1133,1296
2022-10-11 22:47:22.315101,Alameda,sell,Mango,USD Coin,0.1128,929
2022-10-11 22:47:22.315101,Alameda,sell,Mango,USD Coin,0.1123,1277
2022-10-11 22:47:22.315101,Alameda,sell,Mango,USD Coin,0.1118,974
2022-10-11 22:47:22.315101,Alameda,sell,Mango,USD Coin,0.1108,3415
2022-10-11 22:47:22.315101,Alameda,sell,Mango,USD Coin,0.1094,3036
2022-10-11 22:47:22.315101,e0fa35bcfeac43e9b09247aca2a01e5314838a4e5eadc78e47af43f5b04485b6,buy,Mango,USD Coin,0.0456,1484
2022-10-11 22:47:16.892274,8e66576acbfa17adaccd39a503ae7a38274d9580853d31c01141d290bf35df9e,buy,Mango,USD Coin,0.1154,2
2022-10-11 22:47:16.892274,c451cf9687e64bcb54efa9b5f1ebfe9874adf11c93b3734c4f5b932a70a4c3a5,sell,Mango,USD Coin,0.1145,441
2022-10-11 22:47:16.892274,cb0a0c31cee0d64d31cd3a727098cae9810e82453f04774994ac00c1e7546689,buy,Mango,USD Coin,0.1154,199
2022-10-11 22:47:16.892274,cb0a0c31cee0d64d31cd3a727098cae9810e82453f04774994ac00c1e7546689,buy,Mango,USD Coin,0.0474,2083
2022-10-11 22:47:10.875148,c451cf9687e64bcb54efa9b5f1ebfe9874adf11c93b3734c4f5b932a70a4c3a5,buy,Mango,USD Coin,0.054,1073
2022-10-11 22:47:10.875148,e0fa35bcfeac43e9b09247aca2a01e5314838a4e5eadc78e47af43f5b04485b6,buy,Mango,USD Coin,0.0628,8292
2022-10-11 22:47:10.875148,Raydium,buy,Mango,USD Coin,0.0628,4
2022-10-11 22:47:10.875148,Alameda,sell,Mango,USD Coin,0.1226,1176
2022-10-11 22:47:10.875148,Alameda,sell,Mango,USD Coin,0.122,1172
2022-10-11 22:47:10.875148,Alameda,sell,Mango,USD Coin,0.1215,692
2022-10-11 22:47:10.875148,Alameda,sell,Mango,USD Coin,0.1215,131
2022-10-11 22:47:10.875148,Alameda,sell,Mango,USD Coin,0.0461,14
2022-10-11 22:47:10.875148,6c8816eeb636e7b7514c0a12bc8a4d18c7372a54a3492af432300e20e832d3d3,buy,Mango,USD Coin,0.0584,4523
2022-10-11 22:47:10.875148,8d8f9edba004578dc7289e53e2232bee5a3e39a90cf81724a21482932761205c,buy,Mango,USD Coin,0.0584,481
2022-10-11 22:47:10.875148,5ce2c6952a6137b82ff6a548f38a8a8b106862cfc8f0198905c13482fffbc955,buy,Mango,USD Coin,0.054,2576
2022-10-11 22:47:10.875148,903f28ab82e8198f8dfb4d59e78830091bb222be0ee8817e6751bdef8564a6e4,buy,Mango,USD Coin,0.054,2559
2022-10-11 22:47:10.875148,c4f8c525b4d8139a1e54b3fda2cc138499c98522efa9aa8c1ba2704094fb6564,buy,Mango,USD Coin,0.054,783
2022-10-11 22:47:10.875148,c451cf9687e64bcb54efa9b5f1ebfe9874adf11c93b3734c4f5b932a70a4c3a5,buy,Mango,USD Coin,0.0584,2329
2022-10-11 22:47:10.875148,c451cf9687e64bcb54efa9b5f1ebfe9874adf11c93b3734c4f5b932a70a4c3a5,buy,Mango,USD Coin,0.39,784
2022-10-11 22:47:10.875148,8e76bd1b52fcaf31aa30c7912bb8eddf63ae54e1e173b3724039a995fbf3deb1,buy,Mango,USD Coin,0.0483,487
2022-10-11 22:47:10.875148,e9dbe1704f50f5ada909be739dc359549d6e5a04d36a557f9ce87bb02a02eb08,buy,Mango,USD Coin,0.0483,1084
2022-10-11 22:47:10.875148,e9dbe1704f50f5ada909be739dc359549d6e5a04d36a557f9ce87bb02a02eb08,buy,Mango,USD Coin,0.39,60
2022-10-11 22:47:05.239668,c451cf9687e64bcb54efa9b5f1ebfe9874adf11c93b3734c4f5b932a70a4c3a5,buy,Mango,USD Coin,0.0479,1812
2022-10-11 22:47:05.239668,c451cf9687e64bcb54efa9b5f1ebfe9874adf11c93b3734c4f5b932a70a4c3a5,buy,Mango,USD Coin,0.39,33
2022-10-11 22:46:59.5867,Alameda,sell,Mango,USD Coin,0.1372,817
2022-10-11 22:46:59.5867,Alameda,sell,Mango,USD Coin,0.1366,1154
2022-10-11 22:46:59.5867,Alameda,sell,Mango,USD Coin,0.136,860
2022-10-11 22:46:59.5867,Alameda,sell,Mango,USD Coin,0.1348,3065
2022-10-11 22:46:59.5867,Alameda,sell,Mango,USD Coin,0.1301,6913
2022-10-11 22:46:59.5867,Alameda,sell,Mango,USD Coin,0.133,3098
2022-10-11 22:46:59.5867,Alameda,sell,Mango,USD Coin,0.1378,1173
2022-10-11 22:46:48.877704,Alameda,sell,Mango,USD Coin,0.1769,2729
2022-10-11 22:46:48.877704,Alameda,sell,Mango,USD Coin,0.1833,960
2022-10-11 22:46:48.877704,Alameda,sell,Mango,USD Coin,0.1825,765
2022-10-11 22:46:48.877704,Alameda,sell,Mango,USD Coin,0.1817,951
2022-10-11 22:46:48.877704,Alameda,sell,Mango,USD Coin,0.1809,795
2022-10-11 22:46:48.877704,Alameda,sell,Mango,USD Coin,0.1793,2621
2022-10-11 22:46:48.877704,Alameda,sell,Mango,USD Coin,0.173,6050
2022-10-11 22:46:38.036241,cb0a0c31cee0d64d31cd3a727098cae9810e82453f04774994ac00c1e7546689,buy,Mango,USD Coin,0.0598,1843
2022-10-11 22:46:38.036241,dcf91a667e073a39b972a4f02bdc682810e156247004ac3bcda88275dc8e983f,buy,Mango,USD Coin,0.0469,1218
2022-10-11 22:46:38.036241,dcf91a667e073a39b972a4f02bdc682810e156247004ac3bcda88275dc8e983f,buy,Mango,USD Coin,0.0492,1638
2022-10-11 22:46:38.036241,dcf91a667e073a39b972a4f02bdc682810e156247004ac3bcda88275dc8e983f,buy,Mango,USD Coin,0.25,448
2022-10-11 22:46:38.036241,c451cf9687e64bcb54efa9b5f1ebfe9874adf11c93b3734c4f5b932a70a4c3a5,buy,Mango,USD Coin,0.0598,1670
2022-10-11 22:46:38.036241,8d8f9edba004578dc7289e53e2232bee5a3e39a90cf81724a21482932761205c,buy,Mango,USD Coin,0.0598,940
2022-10-11 22:46:38.036241,8e76bd1b52fcaf31aa30c7912bb8eddf63ae54e1e173b3724039a995fbf3deb1,buy,Mango,USD Coin,0.0598,930
2022-10-11 22:46:38.036241,e9dbe1704f50f5ada909be739dc359549d6e5a04d36a557f9ce87bb02a02eb08,buy,Mango,USD Coin,0.0598,1019
2022-10-11 22:46:38.036241,8d8f9edba004578dc7289e53e2232bee5a3e39a90cf81724a21482932761205c,buy,Mango,USD Coin,0.0598,940
2022-10-11 22:46:38.036241,8d8f9edba004578dc7289e53e2232bee5a3e39a90cf81724a21482932761205c,buy,Mango,USD Coin,0.0598,221
2022-10-11 22:46:38.036241,8d8f9edba004578dc7289e53e2232bee5a3e39a90cf81724a21482932761205c,buy,Mango,USD Coin,0.25,172
2022-10-11 22:46:38.036241,dcf91a667e073a39b972a4f02bdc682810e156247004ac3bcda88275dc8e983f,buy,Mango,USD Coin,0.0478,522
2022-10-11 22:46:38.036241,dcf91a667e073a39b972a4f02bdc682810e156247004ac3bcda88275dc8e983f,buy,Mango,USD Coin,0.0478,1255
2022-10-11 22:46:38.036241,dcf91a667e073a39b972a4f02bdc682810e156247004ac3bcda88275dc8e983f,buy,Mango,USD Coin,0.25,159
2022-10-11 22:46:32.039052,c451cf9687e64bcb54efa9b5f1ebfe9874adf11c93b3734c4f5b932a70a4c3a5,buy,Mango,USD Coin,0.0476,1141
2022-10-11 22:46:32.039052,c451cf9687e64bcb54efa9b5f1ebfe9874adf11c93b3734c4f5b932a70a4c3a5,buy,Mango,USD Coin,0.25,182
2022-10-11 22:46:26.265972,8d8f9edba004578dc7289e53e2232bee5a3e39a90cf81724a21482932761205c,buy,Mango,USD Coin,0.25,208
2022-10-11 22:46:26.265972,c451cf9687e64bcb54efa9b5f1ebfe9874adf11c93b3734c4f5b932a70a4c3a5,sell,Mango,USD Coin,0.197,266
2022-10-11 22:46:26.265972,8d8f9edba004578dc7289e53e2232bee5a3e39a90cf81724a21482932761205c,buy,Mango,USD Coin,0.0478,1264
2022-10-11 22:46:20.694956,8e66576acbfa17adaccd39a503ae7a38274d9580853d31c01141d290bf35df9e,buy,Mango,USD Coin,0.5,679
2022-10-11 22:46:20.694956,8e66576acbfa17adaccd39a503ae7a38274d9580853d31c01141d290bf35df9e,buy,Mango,USD Coin,0.0557,6441
2022-10-11 22:46:20.694956,Alameda,sell,Mango,USD Coin,0.0594,5
2022-10-11 22:46:15.674307,0c1f98637531db36897261f32cc4d4d6840397edfa8d1930c0ba0dd22fb589dc,sell,Mango,USD Coin,0.2224,863
2022-10-11 22:46:15.674307,Alameda,sell,Mango,USD Coin,0.05,18
2022-10-11 22:46:15.674307,Alameda,sell,Mango,USD Coin,0.0478,1
2022-10-11 22:46:15.674307,0c1f98637531db36897261f32cc4d4d6840397edfa8d1930c0ba0dd22fb589dc,sell,Mango,USD Coin,0.2214,17
2022-10-11 22:46:10.234355,8e76bd1b52fcaf31aa30c7912bb8eddf63ae54e1e173b3724039a995fbf3deb1,buy,Mango,USD Coin,0.2426,149
2022-10-11 22:46:10.234355,dcf91a667e073a39b972a4f02bdc682810e156247004ac3bcda88275dc8e983f,buy,Mango,USD Coin,0.0492,670
2022-10-11 22:46:10.234355,dcf91a667e073a39b972a4f02bdc682810e156247004ac3bcda88275dc8e983f,buy,Mango,USD Coin,0.0492,1001
2022-10-11 22:46:10.234355,903f28ab82e8198f8dfb4d59e78830091bb222be0ee8817e6751bdef8564a6e4,buy,Mango,USD Coin,0.065,7691
2022-10-11 22:46:10.234355,dcf91a667e073a39b972a4f02bdc682810e156247004ac3bcda88275dc8e983f,buy,Mango,USD Coin,0.5,1
2022-10-11 22:46:10.234355,cb0a0c31cee0d64d31cd3a727098cae9810e82453f04774994ac00c1e7546689,buy,Mango,USD Coin,0.0479,776
2022-10-11 22:46:10.234355,cb0a0c31cee0d64d31cd3a727098cae9810e82453f04774994ac00c1e7546689,buy,Mango,USD Coin,0.05,1933
2022-10-11 22:46:10.234355,Raydium,buy,Mango,USD Coin,0.05,436
2022-10-11 22:46:10.234355,Raydium,buy,Mango,USD Coin,0.065,387
2022-10-11 22:46:10.234355,Raydium,buy,Mango,USD Coin,0.065,751
2022-10-11 22:46:10.234355,Raydium,buy,Mango,USD Coin,0.065,687
2022-10-11 22:46:10.234355,8e76bd1b52fcaf31aa30c7912bb8eddf63ae54e1e173b3724039a995fbf3deb1,buy,Mango,USD Coin,0.065,892
2022-10-11 22:46:04.430391,8d8f9edba004578dc7289e53e2232bee5a3e39a90cf81724a21482932761205c,buy,Mango,USD Coin,0.0491,1134
2022-10-11 22:46:04.430391,e0fa35bcfeac43e9b09247aca2a01e5314838a4e5eadc78e47af43f5b04485b6,buy,Mango,USD Coin,0.0508,1840
2022-10-11 22:46:04.430391,e0fa35bcfeac43e9b09247aca2a01e5314838a4e5eadc78e47af43f5b04485b6,buy,Mango,USD Coin,0.41,854
2022-10-11 22:46:04.430391,e0fa35bcfeac43e9b09247aca2a01e5314838a4e5eadc78e47af43f5b04485b6,buy,Mango,USD Coin,0.0488,1766
2022-10-11 22:46:04.430391,e0fa35bcfeac43e9b09247aca2a01e5314838a4e5eadc78e47af43f5b04485b6,buy,Mango,USD Coin,0.41,1
2022-10-11 22:46:04.430391,8d8f9edba004578dc7289e53e2232bee5a3e39a90cf81724a21482932761205c,buy,Mango,USD Coin,0.0481,1201
2022-10-11 22:46:04.430391,8d8f9edba004578dc7289e53e2232bee5a3e39a90cf81724a21482932761205c,buy,Mango,USD Coin,0.41,130
2022-10-11 22:46:04.430391,dcf91a667e073a39b972a4f02bdc682810e156247004ac3bcda88275dc8e983f,buy,Mango,USD Coin,0.0491,580
2022-10-11 22:46:04.430391,dcf91a667e073a39b972a4f02bdc682810e156247004ac3bcda88275dc8e983f,buy,Mango,USD Coin,0.41,35
2022-10-11 22:46:04.430391,dcf91a667e073a39b972a4f02bdc682810e156247004ac3bcda88275dc8e983f,buy,Mango,USD Coin,0.5,414
2022-10-11 22:45:58.973858,a8cf63ae411653291f11bbd14ae07e53af0c095f160e6488e0e535472106fecb,buy,Mango,USD Coin,0.0612,3151
2022-10-11 22:45:58.973858,09a2555107201310a50f8f49d835a3bc76ace756548159c5aa9cfb9a6c46ffc2,buy,Mango,USD Coin,0.0612,4112
2022-10-11 22:45:58.973858,09a2555107201310a50f8f49d835a3bc76ace756548159c5aa9cfb9a6c46ffc2,buy,Mango,USD Coin,0.41,695
2022-10-11 22:45:58.973858,e9dbe1704f50f5ada909be739dc359549d6e5a04d36a557f9ce87bb02a02eb08,buy,Mango,USD Coin,0.0483,1034
2022-10-11 22:45:58.973858,e9dbe1704f50f5ada909be739dc359549d6e5a04d36a557f9ce87bb02a02eb08,buy,Mango,USD Coin,0.0612,896
2022-10-11 22:45:52.91762,Alameda,sell,Mango,USD Coin,0.0494,4
2022-10-11 22:45:52.91762,Mango,sell,Mango,USD Coin,0.2952,744
2022-10-11 22:45:52.91762,Mango,sell,Mango,USD Coin,0.2965,442
2022-10-11 22:45:52.91762,903f28ab82e8198f8dfb4d59e78830091bb222be0ee8817e6751bdef8564a6e4,buy,Mango,USD Coin,0.2867,768
2022-10-11 22:45:52.91762,903f28ab82e8198f8dfb4d59e78830091bb222be0ee8817e6751bdef8564a6e4,buy,Mango,USD Coin,0.2879,544
2022-10-11 22:45:52.91762,903f28ab82e8198f8dfb4d59e78830091bb222be0ee8817e6751bdef8564a6e4,buy,Mango,USD Coin,0.2892,839
2022-10-11 22:45:52.91762,Raydium,buy,Mango,USD Coin,0.0565,659
2022-10-11 22:45:52.91762,Raydium,buy,Mango,USD Coin,0.0565,679
2022-10-11 22:45:52.91762,Raydium,buy,Mango,USD Coin,0.0565,766
2022-10-11 22:45:52.91762,c451cf9687e64bcb54efa9b5f1ebfe9874adf11c93b3734c4f5b932a70a4c3a5,buy,Mango,USD Coin,0.41,31
2022-10-11 22:45:52.91762,Mango,sell,Mango,USD Coin,0.2977,814
2022-10-11 22:45:52.91762,c451cf9687e64bcb54efa9b5f1ebfe9874adf11c93b3734c4f5b932a70a4c3a5,buy,Mango,USD Coin,0.0503,1731
2022-10-11 22:45:52.91762,903f28ab82e8198f8dfb4d59e78830091bb222be0ee8817e6751bdef8564a6e4,buy,Mango,USD Coin,0.41,54
2022-10-11 22:45:52.91762,903f28ab82e8198f8dfb4d59e78830091bb222be0ee8817e6751bdef8564a6e4,buy,Mango,USD Coin,0.0565,3984
2022-10-11 22:45:47.078387,Alameda,sell,Mango,USD Coin,0.0509,4
2022-10-11 22:45:47.078387,8e66576acbfa17adaccd39a503ae7a38274d9580853d31c01141d290bf35df9e,buy,Mango,USD Coin,0.3224,596
2022-10-11 22:45:47.078387,8e66576acbfa17adaccd39a503ae7a38274d9580853d31c01141d290bf35df9e,buy,Mango,USD Coin,0.0659,3948
2022-10-11 22:45:47.078387,dcf91a667e073a39b972a4f02bdc682810e156247004ac3bcda88275dc8e983f,buy,Mango,USD Coin,0.0659,1516
2022-10-11 22:45:47.078387,dcf91a667e073a39b972a4f02bdc682810e156247004ac3bcda88275dc8e983f,buy,Mango,USD Coin,0.0659,379
2022-10-11 22:45:47.078387,Raydium,buy,Mango,USD Coin,0.0659,661
2022-10-11 22:45:47.078387,Raydium,buy,Mango,USD Coin,0.0659,545
2022-10-11 22:45:47.078387,Raydium,buy,Mango,USD Coin,0.0659,763
2022-10-11 22:45:41.282661,Alameda,sell,Mango,USD Coin,0.3302,4530
2022-10-11 22:45:41.282661,Alameda,sell,Mango,USD Coin,0.3483,502
2022-10-11 22:45:41.282661,Alameda,sell,Mango,USD Coin,0.3498,721
2022-10-11 22:45:41.282661,Alameda,sell,Mango,USD Coin,0.0527,1
2022-10-11 22:45:41.282661,Alameda,sell,Mango,USD Coin,0.3468,705
2022-10-11 22:45:41.282661,Alameda,sell,Mango,USD Coin,0.3378,1899
2022-10-11 22:45:41.282661,Alameda,sell,Mango,USD Coin,0.3423,1877
2022-10-11 22:45:41.282661,Alameda,sell,Mango,USD Coin,0.3453,531
2022-10-11 22:45:24.294362,dcf91a667e073a39b972a4f02bdc682810e156247004ac3bcda88275dc8e983f,buy,Mango,USD Coin,0.48,111
2022-10-11 22:45:24.294362,dcf91a667e073a39b972a4f02bdc682810e156247004ac3bcda88275dc8e983f,buy,Mango,USD Coin,0.0672,6653
2022-10-11 22:45:18.672184,cb0a0c31cee0d64d31cd3a727098cae9810e82453f04774994ac00c1e7546689,buy,Mango,USD Coin,0.0672,1572
2022-10-11 22:45:13.041242,Alameda,sell,Mango,USD Coin,0.0563,11
2022-10-11 22:45:13.041242,Alameda,sell,Mango,USD Coin,0.0588,19
2022-10-11 22:45:13.041242,Alameda,sell,Mango,USD Coin,0.0593,4
2022-10-11 22:45:13.041242,Alameda,sell,Mango,USD Coin,0.0601,19
2022-10-11 22:45:13.041242,8212ea59aaa9793811a7f659fb99b90e18621108936d65dc826961e7936b22c0,buy,Mango,USD Coin,0.48,4
2022-10-11 22:45:13.041242,8212ea59aaa9793811a7f659fb99b90e18621108936d65dc826961e7936b22c0,buy,Mango,USD Coin,0.4,1
2022-10-11 22:45:13.041242,Alameda,sell,Mango,USD Coin,0.3784,4068
2022-10-11 22:45:13.041242,Alameda,sell,Mango,USD Coin,0.387,1874
2022-10-11 22:45:13.041242,Alameda,sell,Mango,USD Coin,0.3922,1675
2022-10-11 22:45:13.041242,Alameda,sell,Mango,USD Coin,0.3956,556
2022-10-11 22:45:13.041242,Alameda,sell,Mango,USD Coin,0.3974,649
2022-10-11 22:45:13.041242,Alameda,sell,Mango,USD Coin,0.3991,467
2022-10-11 22:45:13.041242,Alameda,sell,Mango,USD Coin,0.4008,662
2022-10-11 22:45:13.041242,Alameda,sell,Mango,USD Coin,0.0538,19
2022-10-11 22:45:13.041242,Alameda,sell,Mango,USD Coin,0.0543,1
2022-10-11 22:45:13.041242,Alameda,sell,Mango,USD Coin,0.0544,4
2022-10-11 22:45:13.041242,Alameda,sell,Mango,USD Coin,0.055,18
2022-10-11 22:45:13.041242,Alameda,sell,Mango,USD Coin,0.056,4
2022-10-11 22:45:13.041242,Alameda,sell,Mango,USD Coin,0.0576,19
2022-10-11 22:45:13.041242,Alameda,sell,Mango,USD Coin,0.0576,4
2022-10-11 22:45:07.176532,a8cf63ae411653291f11bbd14ae07e53af0c095f160e6488e0e535472106fecb,buy,Mango,USD Coin,0.4,17
2022-10-11 22:45:07.176532,903f28ab82e8198f8dfb4d59e78830091bb222be0ee8817e6751bdef8564a6e4,buy,Mango,USD Coin,0.4331,595
2022-10-11 22:45:07.176532,903f28ab82e8198f8dfb4d59e78830091bb222be0ee8817e6751bdef8564a6e4,buy,Mango,USD Coin,0.0648,9199
2022-10-11 22:44:54.100213,Alameda,sell,Mango,USD Coin,0.5422,408
2022-10-11 22:44:54.100213,Alameda,sell,Mango,USD Coin,0.5446,598
2022-10-11 22:44:54.100213,Alameda,sell,Mango,USD Coin,0.547,381
2022-10-11 22:44:54.100213,Alameda,sell,Mango,USD Coin,0.5493,373
2022-10-11 22:44:54.100213,Mango,sell,Mango,USD Coin,0.5493,200
2022-10-11 22:44:54.100213,Raydium,buy,Mango,USD Coin,0.46,1
2022-10-11 22:44:54.100213,Alameda,sell,Mango,USD Coin,0.5375,1507
2022-10-11 22:44:54.100213,903f28ab82e8198f8dfb4d59e78830091bb222be0ee8817e6751bdef8564a6e4,buy,Mango,USD Coin,0.46,6
2022-10-11 22:44:54.100203,Alameda,sell,Mango,USD Coin,0.0626,19
2022-10-11 22:44:54.100203,Alameda,sell,Mango,USD Coin,0.0613,11
2022-10-11 22:44:54.100203,6c8816eeb636e7b7514c0a12bc8a4d18c7372a54a3492af432300e20e832d3d3,buy,Mango,USD Coin,0.3,330
2022-10-11 22:44:54.100203,6c8816eeb636e7b7514c0a12bc8a4d18c7372a54a3492af432300e20e832d3d3,buy,Mango,USD Coin,0.9,28
2022-10-11 22:44:54.100203,8d8f9edba004578dc7289e53e2232bee5a3e39a90cf81724a21482932761205c,buy,Mango,USD Coin,0.0694,1604
2022-10-11 22:44:54.100203,e9dbe1704f50f5ada909be739dc359549d6e5a04d36a557f9ce87bb02a02eb08,buy,Mango,USD Coin,0.0694,1427
2022-10-11 22:44:54.100203,8e76bd1b52fcaf31aa30c7912bb8eddf63ae54e1e173b3724039a995fbf3deb1,buy,Mango,USD Coin,0.0694,1759
2022-10-11 22:44:54.100203,8e76bd1b52fcaf31aa30c7912bb8eddf63ae54e1e173b3724039a995fbf3deb1,buy,Mango,USD Coin,0.0694,1753
2022-10-11 22:44:54.100203,c4f8c525b4d8139a1e54b3fda2cc138499c98522efa9aa8c1ba2704094fb6564,buy,Mango,USD Coin,0.0694,1524
2022-10-11 22:44:54.100203,8d8f9edba004578dc7289e53e2232bee5a3e39a90cf81724a21482932761205c,buy,Mango,USD Coin,0.0694,1604
2022-10-11 22:44:54.100203,Alameda,sell,Mango,USD Coin,0.079,8000
2022-10-11 22:44:54.100203,Mango,sell,Mango,USD Coin,0.5053,433
2022-10-11 22:44:54.100203,Mango,sell,Mango,USD Coin,0.5075,567
2022-10-11 22:44:54.100203,Alameda,sell,Mango,USD Coin,0.5186,3551
2022-10-11 22:44:54.100203,Alameda,sell,Mango,USD Coin,0.5304,1521
2022-10-11 22:44:54.100203,8e76bd1b52fcaf31aa30c7912bb8eddf63ae54e1e173b3724039a995fbf3deb1,buy,Mango,USD Coin,0.9,8
2022-10-11 22:44:54.100203,8e76bd1b52fcaf31aa30c7912bb8eddf63ae54e1e173b3724039a995fbf3deb1,buy,Mango,USD Coin,0.0694,1638
2022-10-11 22:44:54.100203,Alameda,sell,Mango,USD Coin,0.075,107
2022-10-11 22:44:54.100203,Alameda,sell,Mango,USD Coin,0.0725,345
2022-10-11 22:44:54.100203,Alameda,sell,Mango,USD Coin,0.0634,5993
2022-10-11 22:44:00.667316,0f8e8c235ee4177a79349f856c865d780f6d5d329ee8391721b4934f0b190104,sell,Mango,USD Coin,0.3477,100
2022-10-11 22:44:00.667316,0f8e8c235ee4177a79349f856c865d780f6d5d329ee8391721b4934f0b190104,sell,Mango,USD Coin,0.079,2000
2022-10-11 22:43:54.724722,Mango,buy,Mango,USD Coin,0.1205,1445
2022-10-11 22:43:54.724722,Mango,buy,Mango,USD Coin,0.122,639
2022-10-11 22:43:54.724722,Mango,buy,Mango,USD Coin,0.1215,1348
2022-10-11 22:43:54.724722,Mango,buy,Mango,USD Coin,0.121,579
2022-10-11 22:43:54.724695,09a2555107201310a50f8f49d835a3bc76ace756548159c5aa9cfb9a6c46ffc2,sell,Mango,USD Coin,0.5159,199
2022-10-11 22:43:54.724695,e9dbe1704f50f5ada909be739dc359549d6e5a04d36a557f9ce87bb02a02eb08,buy,Mango,USD Coin,0.5279,95
2022-10-11 22:43:54.724695,e9dbe1704f50f5ada909be739dc359549d6e5a04d36a557f9ce87bb02a02eb08,buy,Mango,USD Coin,0.5257,578
2022-10-11 22:43:54.724695,e9dbe1704f50f5ada909be739dc359549d6e5a04d36a557f9ce87bb02a02eb08,buy,Mango,USD Coin,0.5234,419
2022-10-11 22:43:54.724695,e9dbe1704f50f5ada909be739dc359549d6e5a04d36a557f9ce87bb02a02eb08,buy,Mango,USD Coin,0.5212,557
2022-10-11 22:43:54.724695,0e77676737cd2c8141b65d58ac281e36c237205b5abbe0255fab373f4a7fe070,buy,Mango,USD Coin,0.9,5520
2022-10-11 22:43:54.724695,0e77676737cd2c8141b65d58ac281e36c237205b5abbe0255fab373f4a7fe070,buy,Mango,USD Coin,0.12,248
2022-10-11 22:43:54.724695,Mango,buy,Mango,USD Coin,0.123,627
2022-10-11 22:43:54.724695,e0fa35bcfeac43e9b09247aca2a01e5314838a4e5eadc78e47af43f5b04485b6,buy,Mango,USD Coin,0.46,26
2022-10-11 22:43:54.724695,6c8816eeb636e7b7514c0a12bc8a4d18c7372a54a3492af432300e20e832d3d3,buy,Mango,USD Coin,0.46,54
2022-10-11 22:43:54.724695,c451cf9687e64bcb54efa9b5f1ebfe9874adf11c93b3734c4f5b932a70a4c3a5,buy,Mango,USD Coin,0.46,107
2022-10-11 22:43:54.724695,dcf91a667e073a39b972a4f02bdc682810e156247004ac3bcda88275dc8e983f,buy,Mango,USD Coin,0.46,54
2022-10-11 22:43:54.724695,dcf91a667e073a39b972a4f02bdc682810e156247004ac3bcda88275dc8e983f,buy,Mango,USD Coin,0.46,1088
2022-10-11 22:43:54.724695,Mango,sell,Mango,USD Coin,0.487,3761
2022-10-11 22:43:54.724695,Mango,sell,Mango,USD Coin,0.4982,1515
2022-10-11 22:43:54.724695,Mango,sell,Mango,USD Coin,0.5048,1578
2022-10-11 22:43:54.724695,Mango,sell,Mango,USD Coin,0.5093,433
2022-10-11 22:43:54.724695,Mango,sell,Mango,USD Coin,0.5115,577
2022-10-11 22:43:54.724695,Mango,sell,Mango,USD Coin,0.5137,411
2022-10-11 22:43:54.724695,Mango,sell,Mango,USD Coin,0.5159,389
2022-10-11 22:42:58.314713,0f8e8c235ee4177a79349f856c865d780f6d5d329ee8391721b4934f0b190104,sell,Mango,USD Coin,0.1295,1291
2022-10-11 22:42:58.314713,0f8e8c235ee4177a79349f856c865d780f6d5d329ee8391721b4934f0b190104,sell,Mango,USD Coin,0.1295,280
2022-10-11 22:42:58.314713,052a204c36e4b806ce32b539474b8e6db78955e64b66043fbba431ef289a3d30,sell,Mango,USD Coin,0.1295,12
2022-10-11 22:42:58.314713,dcf91a667e073a39b972a4f02bdc682810e156247004ac3bcda88275dc8e983f,sell,Mango,USD Coin,0.1295,194
2022-10-11 22:42:58.314713,052a204c36e4b806ce32b539474b8e6db78955e64b66043fbba431ef289a3d30,sell,Mango,USD Coin,0.1295,2111
2022-10-11 22:42:58.314713,09a2555107201310a50f8f49d835a3bc76ace756548159c5aa9cfb9a6c46ffc2,sell,Mango,USD Coin,0.1295,714
2022-10-11 22:42:58.314713,0f8e8c235ee4177a79349f856c865d780f6d5d329ee8391721b4934f0b190104,sell,Mango,USD Coin,0.1295,1000
2022-10-11 22:42:58.314713,0f8e8c235ee4177a79349f856c865d780f6d5d329ee8391721b4934f0b190104,sell,Mango,USD Coin,0.1295,2000
2022-10-11 22:42:58.314713,lr1227.sol,sell,Mango,USD Coin,0.1295,9557
2022-10-11 22:42:58.314713,0f8e8c235ee4177a79349f856c865d780f6d5d329ee8391721b4934f0b190104,sell,Mango,USD Coin,0.1285,709
2022-10-11 22:42:42.76094,Mango,buy,Mango,USD Coin,0.1611,455
2022-10-11 22:42:42.76094,Mango,buy,Mango,USD Coin,0.1605,660
2022-10-11 22:42:42.76094,Mango,buy,Mango,USD Coin,0.1598,1179
2022-10-11 22:41:51.461264,09a2555107201310a50f8f49d835a3bc76ace756548159c5aa9cfb9a6c46ffc2,buy,Mango,USD Coin,0.1774,22
2022-10-11 22:41:40.456694,0f8e8c235ee4177a79349f856c865d780f6d5d329ee8391721b4934f0b190104,sell,Mango,USD Coin,0.2021,110
2022-10-11 22:41:34.794592,0f8e8c235ee4177a79349f856c865d780f6d5d329ee8391721b4934f0b190104,sell,Mango,USD Coin,0.1295,2000
2022-10-11 22:41:34.794592,0f8e8c235ee4177a79349f856c865d780f6d5d329ee8391721b4934f0b190104,sell,Mango,USD Coin,0.1295,990
2022-10-11 22:41:34.794592,0f8e8c235ee4177a79349f856c865d780f6d5d329ee8391721b4934f0b190104,sell,Mango,USD Coin,0.1554,10
2022-10-11 22:41:29.38144,0f8e8c235ee4177a79349f856c865d780f6d5d329ee8391721b4934f0b190104,sell,Mango,USD Coin,0.2256,594
2022-10-11 22:41:29.38144,0f8e8c235ee4177a79349f856c865d780f6d5d329ee8391721b4934f0b190104,sell,Mango,USD Coin,0.2266,457
2022-10-11 22:41:29.38144,0f8e8c235ee4177a79349f856c865d780f6d5d329ee8391721b4934f0b190104,sell,Mango,USD Coin,0.2275,949
2022-10-11 22:40:53.550534,0e77676737cd2c8141b65d58ac281e36c237205b5abbe0255fab373f4a7fe070,buy,Mango,USD Coin,0.7,200
2022-10-11 22:40:53.550534,0f8e8c235ee4177a79349f856c865d780f6d5d329ee8391721b4934f0b190104,sell,Mango,USD Coin,0.1295,2000
2022-10-11 22:40:53.550534,Mango,sell,Mango,USD Coin,0.2724,854
2022-10-11 22:40:53.550534,Mango,sell,Mango,USD Coin,0.2713,454
2022-10-11 22:40:53.550534,Mango,sell,Mango,USD Coin,0.2701,932
2022-10-11 22:40:53.550534,Mango,sell,Mango,USD Coin,0.2689,512
2022-10-11 22:40:53.550534,Mango,sell,Mango,USD Coin,0.2666,2154
2022-10-11 22:40:53.550534,Mango,sell,Mango,USD Coin,0.2631,1092
2022-10-11 22:40:53.550534,0e77676737cd2c8141b65d58ac281e36c237205b5abbe0255fab373f4a7fe070,buy,Mango,USD Coin,0.4,50000
2022-10-11 22:40:53.550534,0e77676737cd2c8141b65d58ac281e36c237205b5abbe0255fab373f4a7fe070,buy,Mango,USD Coin,0.745,112
2022-10-11 22:40:53.550534,0e77676737cd2c8141b65d58ac281e36c237205b5abbe0255fab373f4a7fe070,buy,Mango,USD Coin,0.789,317
2022-10-11 22:40:53.550534,0e77676737cd2c8141b65d58ac281e36c237205b5abbe0255fab373f4a7fe070,buy,Mango,USD Coin,0.79,1001
2022-10-11 22:40:53.550534,0e77676737cd2c8141b65d58ac281e36c237205b5abbe0255fab373f4a7fe070,buy,Mango,USD Coin,0.795,595
2022-10-11 22:40:53.550534,0e77676737cd2c8141b65d58ac281e36c237205b5abbe0255fab373f4a7fe070,buy,Mango,USD Coin,0.813,713
2022-10-11 22:40:53.550534,0e77676737cd2c8141b65d58ac281e36c237205b5abbe0255fab373f4a7fe070,buy,Mango,USD Coin,0.84,88
2022-10-11 22:40:53.550534,0e77676737cd2c8141b65d58ac281e36c237205b5abbe0255fab373f4a7fe070,buy,Mango,USD Coin,0.91,8348
2022-10-11 22:40:53.550534,0f8e8c235ee4177a79349f856c865d780f6d5d329ee8391721b4934f0b190104,sell,Mango,USD Coin,0.1295,1000
2022-10-11 22:40:53.550534,0f8e8c235ee4177a79349f856c865d780f6d5d329ee8391721b4934f0b190104,sell,Mango,USD Coin,0.1295,1060
2022-10-11 22:39:52.3991,lr1227.sol,sell,Mango,USD Coin,0.1295,1600
2022-10-11 22:39:07.87183,0e91e11dc5c58739573cd4fc2dbe30df3ff6b6e9e1514e4d82635395a7b2f881,buy,Mango,USD Coin,0.2,395
2022-10-11 22:39:07.87183,0e77676737cd2c8141b65d58ac281e36c237205b5abbe0255fab373f4a7fe070,buy,Mango,USD Coin,0.2,24990
2022-10-11 22:39:07.87183,903f28ab82e8198f8dfb4d59e78830091bb222be0ee8817e6751bdef8564a6e4,buy,Mango,USD Coin,0.2,1658
2022-10-11 22:39:07.87183,903f28ab82e8198f8dfb4d59e78830091bb222be0ee8817e6751bdef8564a6e4,buy,Mango,USD Coin,0.7,175
2022-10-11 22:39:07.87183,903f28ab82e8198f8dfb4d59e78830091bb222be0ee8817e6751bdef8564a6e4,buy,Mango,USD Coin,0.6988,605
2022-10-11 22:39:02.0293,e9dbe1704f50f5ada909be739dc359549d6e5a04d36a557f9ce87bb02a02eb08,buy,Mango,USD Coin,0.2,2344
2022-10-11 22:39:02.0293,dcf91a667e073a39b972a4f02bdc682810e156247004ac3bcda88275dc8e983f,buy,Mango,USD Coin,0.2,2499
2022-10-11 22:38:55.586551,dcf91a667e073a39b972a4f02bdc682810e156247004ac3bcda88275dc8e983f,buy,Mango,USD Coin,0.2,499
2022-10-11 22:38:55.586551,8e76bd1b52fcaf31aa30c7912bb8eddf63ae54e1e173b3724039a995fbf3deb1,buy,Mango,USD Coin,0.2,2297
2022-10-11 22:38:55.586551,dcf91a667e073a39b972a4f02bdc682810e156247004ac3bcda88275dc8e983f,buy,Mango,USD Coin,0.2,124
2022-10-11 22:38:55.586551,dcf91a667e073a39b972a4f02bdc682810e156247004ac3bcda88275dc8e983f,buy,Mango,USD Coin,0.2,249
2022-10-11 22:38:55.586551,903f28ab82e8198f8dfb4d59e78830091bb222be0ee8817e6751bdef8564a6e4,buy,Mango,USD Coin,0.2,9168
2022-10-11 22:38:55.586551,8e76bd1b52fcaf31aa30c7912bb8eddf63ae54e1e173b3724039a995fbf3deb1,buy,Mango,USD Coin,0.2,1148
2022-10-11 22:38:55.586551,903f28ab82e8198f8dfb4d59e78830091bb222be0ee8817e6751bdef8564a6e4,buy,Mango,USD Coin,0.2,2263
2022-10-11 22:38:55.586551,8212ea59aaa9793811a7f659fb99b90e18621108936d65dc826961e7936b22c0,buy,Mango,USD Coin,0.2,46750
2022-10-11 22:38:55.586551,903f28ab82e8198f8dfb4d59e78830091bb222be0ee8817e6751bdef8564a6e4,buy,Mango,USD Coin,0.2,2138
2022-10-11 22:38:55.586551,8e76bd1b52fcaf31aa30c7912bb8eddf63ae54e1e173b3724039a995fbf3deb1,buy,Mango,USD Coin,0.2,1366
2022-10-11 22:38:55.586551,c4f8c525b4d8139a1e54b3fda2cc138499c98522efa9aa8c1ba2704094fb6564,buy,Mango,USD Coin,0.2,2112
2022-10-11 22:38:49.709676,09a2555107201310a50f8f49d835a3bc76ace756548159c5aa9cfb9a6c46ffc2,buy,Mango,USD Coin,0.2,59032
2022-10-11 22:38:49.709676,e9dbe1704f50f5ada909be739dc359549d6e5a04d36a557f9ce87bb02a02eb08,buy,Mango,USD Coin,0.2,1268
2022-10-11 22:38:49.709676,dcf91a667e073a39b972a4f02bdc682810e156247004ac3bcda88275dc8e983f,buy,Mango,USD Coin,0.2,124
2022-10-11 22:38:49.709676,dcf91a667e073a39b972a4f02bdc682810e156247004ac3bcda88275dc8e983f,buy,Mango,USD Coin,0.2,124
2022-10-11 22:38:49.709676,dcf91a667e073a39b972a4f02bdc682810e156247004ac3bcda88275dc8e983f,buy,Mango,USD Coin,0.2,2503
2022-10-11 22:38:49.709676,e0fa35bcfeac43e9b09247aca2a01e5314838a4e5eadc78e47af43f5b04485b6,buy,Mango,USD Coin,0.2,1824
2022-10-11 22:38:49.709676,8d8f9edba004578dc7289e53e2232bee5a3e39a90cf81724a21482932761205c,buy,Mango,USD Coin,0.2,12169
2022-10-11 22:38:49.709676,e9dbe1704f50f5ada909be739dc359549d6e5a04d36a557f9ce87bb02a02eb08,buy,Mango,USD Coin,0.2,1301
2022-10-11 22:38:43.873578,Mango,buy,Mango,USD Coin,0.2909,304
2022-10-11 22:38:43.873578,0f8e8c235ee4177a79349f856c865d780f6d5d329ee8391721b4934f0b190104,sell,Mango,USD Coin,0.1295,1260
2022-10-11 22:38:38.253877,Raydium,buy,Mango,USD Coin,0.2601,1
2022-10-11 22:38:38.253877,0f8e8c235ee4177a79349f856c865d780f6d5d329ee8391721b4934f0b190104,sell,Mango,USD Coin,0.1295,1000
2022-10-11 22:38:38.253877,0f8e8c235ee4177a79349f856c865d780f6d5d329ee8391721b4934f0b190104,sell,Mango,USD Coin,0.1295,2000
2022-10-11 22:38:32.642106,09a2555107201310a50f8f49d835a3bc76ace756548159c5aa9cfb9a6c46ffc2,buy,Mango,USD Coin,0.2601,3
2022-10-11 22:38:32.642106,e9dbe1704f50f5ada909be739dc359549d6e5a04d36a557f9ce87bb02a02eb08,buy,Mango,USD Coin,0.2601,2275
2022-10-11 22:38:26.971247,0e77676737cd2c8141b65d58ac281e36c237205b5abbe0255fab373f4a7fe070,buy,Mango,USD Coin,0.2482,20757
2022-10-11 22:38:26.971247,dcf91a667e073a39b972a4f02bdc682810e156247004ac3bcda88275dc8e983f,buy,Mango,USD Coin,0.3642,274
2022-10-11 22:38:26.971247,c451cf9687e64bcb54efa9b5f1ebfe9874adf11c93b3734c4f5b932a70a4c3a5,buy,Mango,USD Coin,0.3642,2429
2022-10-11 22:38:26.971247,c451cf9687e64bcb54efa9b5f1ebfe9874adf11c93b3734c4f5b932a70a4c3a5,buy,Mango,USD Coin,0.6942,34
2022-10-11 22:38:26.971247,c451cf9687e64bcb54efa9b5f1ebfe9874adf11c93b3734c4f5b932a70a4c3a5,buy,Mango,USD Coin,0.6988,845
2022-10-11 22:38:26.971247,0e77676737cd2c8141b65d58ac281e36c237205b5abbe0255fab373f4a7fe070,buy,Mango,USD Coin,0.3642,6439
2022-10-11 22:38:20.764098,feeb58bcc00a17003443357b8c26b22bec8028e06a09c5bd999ff7b908dbd1a4,buy,Mango,USD Coin,0.2482,39
2022-10-11 22:38:20.764098,8c6fc471cc90241f187144e1091a7c8ba10beaf255e7fb50930ebefee3cf22ac,buy,Mango,USD Coin,0.2482,20
2022-10-11 22:38:20.764098,8c6fc471cc90241f187144e1091a7c8ba10beaf255e7fb50930ebefee3cf22ac,buy,Mango,USD Coin,0.2482,40
2022-10-11 22:38:14.548315,dcf91a667e073a39b972a4f02bdc682810e156247004ac3bcda88275dc8e983f,buy,Mango,USD Coin,0.2482,1006
2022-10-11 22:38:14.548315,Mango,sell,Mango,USD Coin,0.2624,806
2022-10-11 22:38:14.548315,Mango,sell,Mango,USD Coin,0.2613,564
2022-10-11 22:38:14.548315,Mango,sell,Mango,USD Coin,0.2601,909
2022-10-11 22:38:14.548315,Mango,sell,Mango,USD Coin,0.259,489
2022-10-11 22:38:14.548315,Mango,sell,Mango,USD Coin,0.2567,2322
2022-10-11 22:38:14.548315,Mango,sell,Mango,USD Coin,0.2533,2058
2022-10-11 22:38:14.548315,09a2555107201310a50f8f49d835a3bc76ace756548159c5aa9cfb9a6c46ffc2,buy,Mango,USD Coin,0.2482,1351
2022-10-11 22:38:14.548315,dcf91a667e073a39b972a4f02bdc682810e156247004ac3bcda88275dc8e983f,buy,Mango,USD Coin,0.2482,132
2022-10-11 22:38:14.548315,dcf91a667e073a39b972a4f02bdc682810e156247004ac3bcda88275dc8e983f,buy,Mango,USD Coin,0.2482,402
2022-10-11 22:38:14.548315,dcf91a667e073a39b972a4f02bdc682810e156247004ac3bcda88275dc8e983f,buy,Mango,USD Coin,0.2482,402
2022-10-11 22:38:14.548315,8d8f9edba004578dc7289e53e2232bee5a3e39a90cf81724a21482932761205c,buy,Mango,USD Coin,0.2482,221
2022-10-11 22:38:14.548315,Mango,buy,Mango,USD Coin,0.2482,60
2022-10-11 22:38:14.548315,dcf91a667e073a39b972a4f02bdc682810e156247004ac3bcda88275dc8e983f,buy,Mango,USD Coin,0.2482,402
2022-10-11 22:37:56.204027,8e76bd1b52fcaf31aa30c7912bb8eddf63ae54e1e173b3724039a995fbf3deb1,sell,Mango,USD Coin,0.1295,38
2022-10-11 22:37:56.204027,Mango,buy,Mango,USD Coin,0.4,22
2022-10-11 22:37:56.204027,8e76bd1b52fcaf31aa30c7912bb8eddf63ae54e1e173b3724039a995fbf3deb1,sell,Mango,USD Coin,0.5463,109
2022-10-11 22:37:56.204027,0f8e8c235ee4177a79349f856c865d780f6d5d329ee8391721b4934f0b190104,sell,Mango,USD Coin,0.1295,170
2022-10-11 22:37:50.777887,0f8e8c235ee4177a79349f856c865d780f6d5d329ee8391721b4934f0b190104,sell,Mango,USD Coin,0.3129,506
2022-10-11 22:37:50.777887,Mango,buy,Mango,USD Coin,0.3203,34
2022-10-11 22:37:50.777887,0f8e8c235ee4177a79349f856c865d780f6d5d329ee8391721b4934f0b190104,sell,Mango,USD Coin,0.317,761
2022-10-11 22:37:50.777887,0f8e8c235ee4177a79349f856c865d780f6d5d329ee8391721b4934f0b190104,sell,Mango,USD Coin,0.3157,239
2022-10-11 22:37:50.777887,0f8e8c235ee4177a79349f856c865d780f6d5d329ee8391721b4934f0b190104,sell,Mango,USD Coin,0.3157,224
2022-10-11 22:37:50.777887,0f8e8c235ee4177a79349f856c865d780f6d5d329ee8391721b4934f0b190104,sell,Mango,USD Coin,0.3143,828
2022-10-11 22:37:50.777887,0f8e8c235ee4177a79349f856c865d780f6d5d329ee8391721b4934f0b190104,sell,Mango,USD Coin,0.3102,442
2022-10-11 22:37:40.48374,0f8e8c235ee4177a79349f856c865d780f6d5d329ee8391721b4934f0b190104,sell,Mango,USD Coin,0.3366,745
2022-10-11 22:37:40.48374,0f8e8c235ee4177a79349f856c865d780f6d5d329ee8391721b4934f0b190104,sell,Mango,USD Coin,0.3352,459
2022-10-11 22:37:40.48374,0f8e8c235ee4177a79349f856c865d780f6d5d329ee8391721b4934f0b190104,sell,Mango,USD Coin,0.3337,796
2022-10-11 22:37:40.48374,0f8e8c235ee4177a79349f856c865d780f6d5d329ee8391721b4934f0b190104,sell,Mango,USD Coin,0.3337,9
2022-10-11 22:37:40.48374,0f8e8c235ee4177a79349f856c865d780f6d5d329ee8391721b4934f0b190104,sell,Mango,USD Coin,0.3323,420
2022-10-11 22:37:40.48374,0f8e8c235ee4177a79349f856c865d780f6d5d329ee8391721b4934f0b190104,sell,Mango,USD Coin,0.3294,571
2022-10-11 22:37:34.59205,8e76bd1b52fcaf31aa30c7912bb8eddf63ae54e1e173b3724039a995fbf3deb1,sell,Mango,USD Coin,0.3386,686
2022-10-11 22:37:34.59205,c4f8c525b4d8139a1e54b3fda2cc138499c98522efa9aa8c1ba2704094fb6564,sell,Mango,USD Coin,0.3371,126
2022-10-11 22:37:23.105951,09a2555107201310a50f8f49d835a3bc76ace756548159c5aa9cfb9a6c46ffc2,buy,Mango,USD Coin,0.3585,19
2022-10-11 22:37:17.859576,Mango,buy,Mango,USD Coin,0.4318,602
2022-10-11 22:37:17.859576,Mango,buy,Mango,USD Coin,0.43,441
2022-10-11 22:37:17.859576,Mango,buy,Mango,USD Coin,0.4282,544
2022-10-11 22:37:17.859576,Mango,buy,Mango,USD Coin,0.4282,14
2022-10-11 22:37:17.859576,Mango,buy,Mango,USD Coin,0.4282,26
2022-10-11 22:37:17.859576,Mango,buy,Mango,USD Coin,0.4282,44
2022-10-11 22:37:17.859576,Mango,buy,Mango,USD Coin,0.4274,244
2022-10-11 22:37:17.859576,Mango,buy,Mango,USD Coin,0.6942,1
2022-10-11 22:37:17.859576,Mango,buy,Mango,USD Coin,0.4337,506
2022-10-11 22:37:17.859576,Mango,buy,Mango,USD Coin,0.4373,9
2022-10-11 22:37:11.819843,Mango,buy,Mango,USD Coin,0.6942,2
2022-10-11 22:37:05.969148,0e77676737cd2c8141b65d58ac281e36c237205b5abbe0255fab373f4a7fe070,buy,Mango,USD Coin,0.5,9996
2022-10-11 22:37:05.969148,Raydium,buy,Mango,USD Coin,0.5,4
2022-10-11 22:37:00.474228,a8cf63ae411653291f11bbd14ae07e53af0c095f160e6488e0e535472106fecb,buy,Mango,USD Coin,0.2914,24
2022-10-11 22:37:00.474228,09a2555107201310a50f8f49d835a3bc76ace756548159c5aa9cfb9a6c46ffc2,sell,Mango,USD Coin,0.2764,264
2022-10-11 22:37:00.474228,09a2555107201310a50f8f49d835a3bc76ace756548159c5aa9cfb9a6c46ffc2,sell,Mango,USD Coin,0.2788,817
2022-10-11 22:37:00.474228,09a2555107201310a50f8f49d835a3bc76ace756548159c5aa9cfb9a6c46ffc2,sell,Mango,USD Coin,0.2776,548
2022-10-11 22:34:51.771481,Mango,buy,Mango,USD Coin,0.6942,1
2022-10-11 22:34:46.129699,09a2555107201310a50f8f49d835a3bc76ace756548159c5aa9cfb9a6c46ffc2,buy,Mango,USD Coin,0.5134,19
2022-10-11 22:34:40.270487,e9dbe1704f50f5ada909be739dc359549d6e5a04d36a557f9ce87bb02a02eb08,buy,Mango,USD Coin,0.1244,138
2022-10-11 22:34:40.270487,e9dbe1704f50f5ada909be739dc359549d6e5a04d36a557f9ce87bb02a02eb08,buy,Mango,USD Coin,0.6942,1
2022-10-11 22:34:34.263528,0e77676737cd2c8141b65d58ac281e36c237205b5abbe0255fab373f4a7fe070,buy,Mango,USD Coin,0.545,74
2022-10-11 22:34:34.263528,0e77676737cd2c8141b65d58ac281e36c237205b5abbe0255fab373f4a7fe070,buy,Mango,USD Coin,0.5241,1160
2022-10-11 22:34:34.263528,0e77676737cd2c8141b65d58ac281e36c237205b5abbe0255fab373f4a7fe070,buy,Mango,USD Coin,0.5198,919
2022-10-11 22:34:34.263528,0e77676737cd2c8141b65d58ac281e36c237205b5abbe0255fab373f4a7fe070,buy,Mango,USD Coin,0.51,108
2022-10-11 22:34:34.263528,0e77676737cd2c8141b65d58ac281e36c237205b5abbe0255fab373f4a7fe070,buy,Mango,USD Coin,0.498,888
2022-10-11 22:34:34.263528,0e77676737cd2c8141b65d58ac281e36c237205b5abbe0255fab373f4a7fe070,buy,Mango,USD Coin,0.5,133
2022-10-11 22:34:34.263528,0e77676737cd2c8141b65d58ac281e36c237205b5abbe0255fab373f4a7fe070,buy,Mango,USD Coin,0.495,99
2022-10-11 22:34:34.263528,0e77676737cd2c8141b65d58ac281e36c237205b5abbe0255fab373f4a7fe070,buy,Mango,USD Coin,0.64,1000
2022-10-11 22:34:34.263528,0e77676737cd2c8141b65d58ac281e36c237205b5abbe0255fab373f4a7fe070,buy,Mango,USD Coin,0.6,90
2022-10-11 22:34:34.263528,0e77676737cd2c8141b65d58ac281e36c237205b5abbe0255fab373f4a7fe070,buy,Mango,USD Coin,0.6,100
2022-10-11 22:34:34.263528,0e77676737cd2c8141b65d58ac281e36c237205b5abbe0255fab373f4a7fe070,buy,Mango,USD Coin,0.645,112
2022-10-11 22:34:34.263528,0e77676737cd2c8141b65d58ac281e36c237205b5abbe0255fab373f4a7fe070,buy,Mango,USD Coin,0.5,2000
2022-10-11 22:34:34.263528,0e77676737cd2c8141b65d58ac281e36c237205b5abbe0255fab373f4a7fe070,buy,Mango,USD Coin,0.4912,21482
2022-10-11 22:34:34.263528,0e77676737cd2c8141b65d58ac281e36c237205b5abbe0255fab373f4a7fe070,buy,Mango,USD Coin,0.68,108
2022-10-11 22:34:34.263528,0e77676737cd2c8141b65d58ac281e36c237205b5abbe0255fab373f4a7fe070,buy,Mango,USD Coin,0.689,400
2022-10-11 22:34:34.263528,0e77676737cd2c8141b65d58ac281e36c237205b5abbe0255fab373f4a7fe070,buy,Mango,USD Coin,0.6942,61
2022-10-11 22:34:34.263528,0e77676737cd2c8141b65d58ac281e36c237205b5abbe0255fab373f4a7fe070,buy,Mango,USD Coin,0.589,600
2022-10-11 22:34:34.263528,0e77676737cd2c8141b65d58ac281e36c237205b5abbe0255fab373f4a7fe070,buy,Mango,USD Coin,0.56,120
2022-10-11 22:34:34.263528,0e77676737cd2c8141b65d58ac281e36c237205b5abbe0255fab373f4a7fe070,buy,Mango,USD Coin,0.666,5
2022-10-11 22:34:34.263528,0e77676737cd2c8141b65d58ac281e36c237205b5abbe0255fab373f4a7fe070,buy,Mango,USD Coin,0.5,123
2022-10-11 22:33:59.186923,0e77676737cd2c8141b65d58ac281e36c237205b5abbe0255fab373f4a7fe070,buy,Mango,USD Coin,0.4912,40700
2022-10-11 22:33:43.184902,Raydium,buy,Mango,USD Coin,0.1071,173
2022-10-11 22:33:26.625557,0f8e8c235ee4177a79349f856c865d780f6d5d329ee8391721b4934f0b190104,sell,Mango,USD Coin,0.1286,550
2022-10-11 22:33:20.574783,8e76bd1b52fcaf31aa30c7912bb8eddf63ae54e1e173b3724039a995fbf3deb1,sell,Mango,USD Coin,0.0634,5
2022-10-11 22:33:20.574783,8e76bd1b52fcaf31aa30c7912bb8eddf63ae54e1e173b3724039a995fbf3deb1,sell,Mango,USD Coin,0.173,35
2022-10-11 22:33:14.357577,8d8f9edba004578dc7289e53e2232bee5a3e39a90cf81724a21482932761205c,sell,Mango,USD Coin,0.173,1987
2022-10-11 22:33:14.357577,a8cf63ae411653291f11bbd14ae07e53af0c095f160e6488e0e535472106fecb,sell,Mango,USD Coin,0.173,518
2022-10-11 22:33:02.792422,Mango,buy,Mango,USD Coin,0.1428,171
2022-10-11 22:33:02.792422,Mango,buy,Mango,USD Coin,0.1353,1279
2022-10-11 22:33:02.792422,Mango,buy,Mango,USD Coin,0.1359,732
2022-10-11 22:33:02.792422,Mango,buy,Mango,USD Coin,0.1364,897
2022-10-11 22:33:02.792422,Mango,buy,Mango,USD Coin,0.137,1052
2022-10-11 22:33:02.792422,Mango,buy,Mango,USD Coin,0.1382,2732
2022-10-11 22:33:02.792422,Mango,buy,Mango,USD Coin,0.1399,2674
2022-10-11 22:32:50.126316,Mango,buy,Mango,USD Coin,0.1339,1358
2022-10-11 22:32:50.126316,Mango,buy,Mango,USD Coin,0.1413,5248
2022-10-11 22:32:50.126316,Mango,buy,Mango,USD Coin,0.1384,2511
2022-10-11 22:32:50.126316,Mango,buy,Mango,USD Coin,0.1371,10802
2022-10-11 22:32:50.126316,Mango,buy,Mango,USD Coin,0.1367,3003
2022-10-11 22:32:50.126316,Mango,buy,Mango,USD Coin,0.1356,472
2022-10-11 22:32:50.126316,Mango,buy,Mango,USD Coin,0.135,1570
2022-10-11 22:32:50.126316,Mango,buy,Mango,USD Coin,0.1344,368
2022-10-11 22:32:14.99564,Mango,buy,Mango,USD Coin,0.1508,297
2022-10-11 22:31:58.617527,8d8f9edba004578dc7289e53e2232bee5a3e39a90cf81724a21482932761205c,buy,Mango,USD Coin,0.0692,739
2022-10-11 22:31:58.617527,09a2555107201310a50f8f49d835a3bc76ace756548159c5aa9cfb9a6c46ffc2,buy,Mango,USD Coin,0.0692,30
2022-10-11 22:31:58.617527,e9dbe1704f50f5ada909be739dc359549d6e5a04d36a557f9ce87bb02a02eb08,buy,Mango,USD Coin,0.0639,492
2022-10-11 22:31:58.617527,e9dbe1704f50f5ada909be739dc359549d6e5a04d36a557f9ce87bb02a02eb08,buy,Mango,USD Coin,0.1577,16
2022-10-11 22:31:58.617527,e9dbe1704f50f5ada909be739dc359549d6e5a04d36a557f9ce87bb02a02eb08,buy,Mango,USD Coin,0.0652,490
2022-10-11 22:31:58.617527,8e76bd1b52fcaf31aa30c7912bb8eddf63ae54e1e173b3724039a995fbf3deb1,buy,Mango,USD Coin,0.0652,134
2022-10-11 22:31:58.617527,dcf91a667e073a39b972a4f02bdc682810e156247004ac3bcda88275dc8e983f,buy,Mango,USD Coin,0.0759,329
2022-10-11 22:31:58.617527,8e66576acbfa17adaccd39a503ae7a38274d9580853d31c01141d290bf35df9e,buy,Mango,USD Coin,0.0759,536
2022-10-11 22:31:58.617527,dcf91a667e073a39b972a4f02bdc682810e156247004ac3bcda88275dc8e983f,buy,Mango,USD Coin,0.0759,316
2022-10-11 22:31:58.617527,dcf91a667e073a39b972a4f02bdc682810e156247004ac3bcda88275dc8e983f,buy,Mango,USD Coin,0.4912,52
2022-10-11 22:31:58.617527,feeb58bcc00a17003443357b8c26b22bec8028e06a09c5bd999ff7b908dbd1a4,buy,Mango,USD Coin,0.0775,405
2022-10-11 22:31:58.617527,c451cf9687e64bcb54efa9b5f1ebfe9874adf11c93b3734c4f5b932a70a4c3a5,buy,Mango,USD Coin,0.0775,281
2022-10-11 22:31:58.617527,c451cf9687e64bcb54efa9b5f1ebfe9874adf11c93b3734c4f5b932a70a4c3a5,buy,Mango,USD Coin,0.4912,57
2022-10-11 22:31:58.617527,0f8e8c235ee4177a79349f856c865d780f6d5d329ee8391721b4934f0b190104,sell,Mango,USD Coin,0.0634,1608
2022-10-11 22:31:58.617527,0f8e8c235ee4177a79349f856c865d780f6d5d329ee8391721b4934f0b190104,sell,Mango,USD Coin,0.0634,392
2022-10-11 22:31:58.617527,0f8e8c235ee4177a79349f856c865d780f6d5d329ee8391721b4934f0b190104,sell,Mango,USD Coin,0.0634,1000
2022-10-11 22:31:25.272637,db9e9a646265bfaa1b0195edda04e08de95f96fd04cb650cd887863febfb3957,buy,Mango,USD Coin,0.1629,2
2022-10-11 22:31:07.282934,c451cf9687e64bcb54efa9b5f1ebfe9874adf11c93b3734c4f5b932a70a4c3a5,buy,Mango,USD Coin,0.061,244
2022-10-11 22:31:07.282934,c451cf9687e64bcb54efa9b5f1ebfe9874adf11c93b3734c4f5b932a70a4c3a5,buy,Mango,USD Coin,0.17,58
2022-10-11 22:31:01.247939,8e66576acbfa17adaccd39a503ae7a38274d9580853d31c01141d290bf35df9e,buy,Mango,USD Coin,0.17,2
2022-10-11 22:31:01.247939,09a2555107201310a50f8f49d835a3bc76ace756548159c5aa9cfb9a6c46ffc2,buy,Mango,USD Coin,0.17,60
2022-10-11 22:31:01.247939,09a2555107201310a50f8f49d835a3bc76ace756548159c5aa9cfb9a6c46ffc2,buy,Mango,USD Coin,0.061,244
2022-10-11 22:30:55.793322,e0362e6059dcc7ce79a512fd262648f3323f4de9a90d4e5cff8ef95d3b696736,buy,Mango,USD Coin,0.4912,1
2022-10-11 22:30:55.793322,09a2555107201310a50f8f49d835a3bc76ace756548159c5aa9cfb9a6c46ffc2,buy,Mango,USD Coin,0.0545,240
2022-10-11 22:30:55.793322,e0362e6059dcc7ce79a512fd262648f3323f4de9a90d4e5cff8ef95d3b696736,buy,Mango,USD Coin,0.0545,9
2022-10-11 22:30:44.695763,e0fa35bcfeac43e9b09247aca2a01e5314838a4e5eadc78e47af43f5b04485b6,sell,Mango,USD Coin,0.0425,1065
2022-10-11 22:30:44.695763,903f28ab82e8198f8dfb4d59e78830091bb222be0ee8817e6751bdef8564a6e4,sell,Mango,USD Coin,0.3304,3067
2022-10-11 22:30:44.695763,e0fa35bcfeac43e9b09247aca2a01e5314838a4e5eadc78e47af43f5b04485b6,sell,Mango,USD Coin,0.0442,278
2022-10-11 22:30:44.695763,e0fa35bcfeac43e9b09247aca2a01e5314838a4e5eadc78e47af43f5b04485b6,sell,Mango,USD Coin,0.3304,20194
2022-10-11 22:30:44.695763,e0fa35bcfeac43e9b09247aca2a01e5314838a4e5eadc78e47af43f5b04485b6,sell,Mango,USD Coin,0.0439,817
2022-10-11 22:30:44.695763,e0fa35bcfeac43e9b09247aca2a01e5314838a4e5eadc78e47af43f5b04485b6,sell,Mango,USD Coin,0.0437,566
2022-10-11 22:30:44.695763,e0fa35bcfeac43e9b09247aca2a01e5314838a4e5eadc78e47af43f5b04485b6,sell,Mango,USD Coin,0.0436,5
2022-10-11 22:30:33.686496,8e66576acbfa17adaccd39a503ae7a38274d9580853d31c01141d290bf35df9e,sell,Mango,USD Coin,0.3304,5029
2022-10-11 22:30:33.686496,8e66576acbfa17adaccd39a503ae7a38274d9580853d31c01141d290bf35df9e,sell,Mango,USD Coin,0.3304,3113
2022-10-11 22:30:33.686496,8e66576acbfa17adaccd39a503ae7a38274d9580853d31c01141d290bf35df9e,sell,Mango,USD Coin,0.0454,374
2022-10-11 22:30:33.686496,8e66576acbfa17adaccd39a503ae7a38274d9580853d31c01141d290bf35df9e,sell,Mango,USD Coin,0.0442,1401
2022-10-11 22:30:33.686496,Mango,sell,Mango,USD Coin,0.3304,10091
2022-10-11 22:30:11.982931,e0fa35bcfeac43e9b09247aca2a01e5314838a4e5eadc78e47af43f5b04485b6,sell,Mango,USD Coin,0.0454,225
2022-10-11 22:30:11.982931,e0fa35bcfeac43e9b09247aca2a01e5314838a4e5eadc78e47af43f5b04485b6,sell,Mango,USD Coin,0.3304,10102
2022-10-11 22:30:11.982931,c451cf9687e64bcb54efa9b5f1ebfe9874adf11c93b3734c4f5b932a70a4c3a5,sell,Mango,USD Coin,0.3304,165
2022-10-11 22:30:05.996285,Mango,buy,Mango,USD Coin,0.1506,20
2022-10-11 22:29:59.736232,c4f8c525b4d8139a1e54b3fda2cc138499c98522efa9aa8c1ba2704094fb6564,sell,Mango,USD Coin,0.3304,14
2022-10-11 22:29:59.736232,c4f8c525b4d8139a1e54b3fda2cc138499c98522efa9aa8c1ba2704094fb6564,sell,Mango,USD Coin,0.0448,2
2022-10-11 22:29:59.736205,e0fa35bcfeac43e9b09247aca2a01e5314838a4e5eadc78e47af43f5b04485b6,sell,Mango,USD Coin,0.0454,178
2022-10-11 22:29:59.736205,e0362e6059dcc7ce79a512fd262648f3323f4de9a90d4e5cff8ef95d3b696736,sell,Mango,USD Coin,0.3304,29921
2022-10-11 22:29:59.736205,8e76bd1b52fcaf31aa30c7912bb8eddf63ae54e1e173b3724039a995fbf3deb1,sell,Mango,USD Coin,0.3304,601
2022-10-11 22:29:59.736205,0e91e11dc5c58739573cd4fc2dbe30df3ff6b6e9e1514e4d82635395a7b2f881,sell,Mango,USD Coin,0.3304,192
2022-10-11 22:29:59.736205,Mango,buy,Mango,USD Coin,0.129,13
2022-10-11 22:29:59.736205,Mango,sell,Mango,USD Coin,0.3304,9999
2022-10-11 22:29:59.736205,e0fa35bcfeac43e9b09247aca2a01e5314838a4e5eadc78e47af43f5b04485b6,sell,Mango,USD Coin,0.3304,5179
2022-10-11 22:29:59.736205,a8cf63ae411653291f11bbd14ae07e53af0c095f160e6488e0e535472106fecb,sell,Mango,USD Coin,0.3304,518
2022-10-11 22:29:59.736205,8e66576acbfa17adaccd39a503ae7a38274d9580853d31c01141d290bf35df9e,sell,Mango,USD Coin,0.3304,31
2022-10-11 22:29:59.736205,8e66576acbfa17adaccd39a503ae7a38274d9580853d31c01141d290bf35df9e,sell,Mango,USD Coin,0.3304,5635
2022-10-11 22:29:59.736205,8d8f9edba004578dc7289e53e2232bee5a3e39a90cf81724a21482932761205c,sell,Mango,USD Coin,0.3304,4606
2022-10-11 22:29:59.736205,8e76bd1b52fcaf31aa30c7912bb8eddf63ae54e1e173b3724039a995fbf3deb1,sell,Mango,USD Coin,0.3304,386
2022-10-11 22:29:59.736205,903f28ab82e8198f8dfb4d59e78830091bb222be0ee8817e6751bdef8564a6e4,sell,Mango,USD Coin,0.3304,532
2022-10-11 22:29:59.736205,e0fa35bcfeac43e9b09247aca2a01e5314838a4e5eadc78e47af43f5b04485b6,sell,Mango,USD Coin,0.3304,321
2022-10-11 22:29:26.36655,Mango,buy,Mango,USD Coin,0.1446,2
2022-10-11 22:29:26.36655,Mango,buy,Mango,USD Coin,0.1446,1448
2022-10-11 22:29:26.36655,Mango,buy,Mango,USD Coin,0.1392,5
2022-10-11 22:29:26.36655,Mango,buy,Mango,USD Coin,0.1392,2
2022-10-11 22:29:26.36655,Mango,buy,Mango,USD Coin,0.1392,18
2022-10-11 22:29:26.36655,Mango,buy,Mango,USD Coin,0.1392,1211
2022-10-11 22:29:26.36655,Mango,buy,Mango,USD Coin,0.1398,690
2022-10-11 22:29:26.36655,Mango,buy,Mango,USD Coin,0.1404,101
2022-10-11 22:29:26.36655,Mango,buy,Mango,USD Coin,0.1398,124
2022-10-11 22:29:26.36655,Mango,buy,Mango,USD Coin,0.1398,1
2022-10-11 22:29:26.36655,Mango,buy,Mango,USD Coin,0.1398,354
2022-10-11 22:29:26.36655,Mango,buy,Mango,USD Coin,0.1398,592
2022-10-11 22:29:26.36655,Mango,buy,Mango,USD Coin,0.1404,824
2022-10-11 22:29:26.36655,Mango,buy,Mango,USD Coin,0.141,1038
2022-10-11 22:29:26.36655,Mango,buy,Mango,USD Coin,0.1416,831
2022-10-11 22:29:26.36655,Mango,buy,Mango,USD Coin,0.1428,2750
2022-10-11 22:29:26.36655,Mango,buy,Mango,USD Coin,0.4912,1533
2022-10-11 22:29:26.36655,Mango,buy,Mango,USD Coin,0.1476,5962
2022-10-11 22:29:26.36655,Mango,buy,Mango,USD Coin,0.1446,1245
2022-10-11 22:27:42.640017,8e66576acbfa17adaccd39a503ae7a38274d9580853d31c01141d290bf35df9e,buy,Mango,USD Coin,0.0446,21
2022-10-11 22:27:42.640017,8e66576acbfa17adaccd39a503ae7a38274d9580853d31c01141d290bf35df9e,buy,Mango,USD Coin,0.0395,1
2022-10-11 22:27:42.640017,8e66576acbfa17adaccd39a503ae7a38274d9580853d31c01141d290bf35df9e,buy,Mango,USD Coin,0.0396,21
2022-10-11 22:27:42.640017,8e66576acbfa17adaccd39a503ae7a38274d9580853d31c01141d290bf35df9e,buy,Mango,USD Coin,0.0462,5
2022-10-11 22:27:42.640017,8e66576acbfa17adaccd39a503ae7a38274d9580853d31c01141d290bf35df9e,buy,Mango,USD Coin,0.0594,14
2022-10-11 22:27:42.640017,8e66576acbfa17adaccd39a503ae7a38274d9580853d31c01141d290bf35df9e,buy,Mango,USD Coin,0.0594,7
2022-10-11 22:27:42.640017,8e66576acbfa17adaccd39a503ae7a38274d9580853d31c01141d290bf35df9e,buy,Mango,USD Coin,0.4912,2
2022-10-11 22:27:42.640017,0e91e11dc5c58739573cd4fc2dbe30df3ff6b6e9e1514e4d82635395a7b2f881,buy,Mango,USD Coin,0.0495,18
2022-10-11 22:27:42.640017,8e66576acbfa17adaccd39a503ae7a38274d9580853d31c01141d290bf35df9e,buy,Mango,USD Coin,0.0495,3
2022-10-11 22:27:31.144119,6c8816eeb636e7b7514c0a12bc8a4d18c7372a54a3492af432300e20e832d3d3,buy,Mango,USD Coin,0.0417,546
2022-10-11 22:27:31.144119,d8743f74e5ff26e44da7c7fd20d766a31a435721e6d9e44ed8f1315c9c71ffd9,buy,Mango,USD Coin,0.4912,20
2022-10-11 22:27:31.144119,d8743f74e5ff26e44da7c7fd20d766a31a435721e6d9e44ed8f1315c9c71ffd9,buy,Mango,USD Coin,0.0405,358
2022-10-11 22:27:31.144119,a8cf63ae411653291f11bbd14ae07e53af0c095f160e6488e0e535472106fecb,buy,Mango,USD Coin,0.0417,44
2022-10-11 22:27:31.144119,a8cf63ae411653291f11bbd14ae07e53af0c095f160e6488e0e535472106fecb,buy,Mango,USD Coin,0.4912,1
2022-10-11 22:27:31.144119,cb0a0c31cee0d64d31cd3a727098cae9810e82453f04774994ac00c1e7546689,buy,Mango,USD Coin,0.0485,2349
2022-10-11 22:27:31.144119,8e76bd1b52fcaf31aa30c7912bb8eddf63ae54e1e173b3724039a995fbf3deb1,buy,Mango,USD Coin,0.0485,808
2022-10-11 22:27:31.144119,c4f8c525b4d8139a1e54b3fda2cc138499c98522efa9aa8c1ba2704094fb6564,buy,Mango,USD Coin,0.4912,20
2022-10-11 22:27:31.144119,c4f8c525b4d8139a1e54b3fda2cc138499c98522efa9aa8c1ba2704094fb6564,buy,Mango,USD Coin,0.0409,263
2022-10-11 22:27:31.144119,6c8816eeb636e7b7514c0a12bc8a4d18c7372a54a3492af432300e20e832d3d3,buy,Mango,USD Coin,0.4912,7
2022-10-11 22:27:31.144119,6c8816eeb636e7b7514c0a12bc8a4d18c7372a54a3492af432300e20e832d3d3,buy,Mango,USD Coin,0.0405,468
2022-10-11 22:27:31.144119,8e76bd1b52fcaf31aa30c7912bb8eddf63ae54e1e173b3724039a995fbf3deb1,buy,Mango,USD Coin,0.4912,12
2022-10-11 22:27:20.519211,8e66576acbfa17adaccd39a503ae7a38274d9580853d31c01141d290bf35df9e,buy,Mango,USD Coin,0.4912,5
2022-10-11 22:27:20.519211,8d8f9edba004578dc7289e53e2232bee5a3e39a90cf81724a21482932761205c,buy,Mango,USD Coin,0.052,974
2022-10-11 22:27:20.519211,cb0a0c31cee0d64d31cd3a727098cae9810e82453f04774994ac00c1e7546689,buy,Mango,USD Coin,0.052,2575
2022-10-11 22:27:20.519211,0e91e11dc5c58739573cd4fc2dbe30df3ff6b6e9e1514e4d82635395a7b2f881,buy,Mango,USD Coin,0.0417,755
2022-10-11 22:27:20.519211,903f28ab82e8198f8dfb4d59e78830091bb222be0ee8817e6751bdef8564a6e4,buy,Mango,USD Coin,0.052,885
2022-10-11 22:27:20.519211,cb0a0c31cee0d64d31cd3a727098cae9810e82453f04774994ac00c1e7546689,buy,Mango,USD Coin,0.0429,1078
2022-10-11 22:27:20.519211,cb0a0c31cee0d64d31cd3a727098cae9810e82453f04774994ac00c1e7546689,buy,Mango,USD Coin,0.4912,109
2022-10-11 22:27:20.519211,903f28ab82e8198f8dfb4d59e78830091bb222be0ee8817e6751bdef8564a6e4,buy,Mango,USD Coin,0.052,38
2022-10-11 22:27:20.519211,903f28ab82e8198f8dfb4d59e78830091bb222be0ee8817e6751bdef8564a6e4,buy,Mango,USD Coin,0.052,261
2022-10-11 22:27:20.519211,903f28ab82e8198f8dfb4d59e78830091bb222be0ee8817e6751bdef8564a6e4,buy,Mango,USD Coin,0.4912,51
2022-10-11 22:27:20.519211,d8743f74e5ff26e44da7c7fd20d766a31a435721e6d9e44ed8f1315c9c71ffd9,buy,Mango,USD Coin,0.0561,422
2022-10-11 22:27:20.519211,c451cf9687e64bcb54efa9b5f1ebfe9874adf11c93b3734c4f5b932a70a4c3a5,buy,Mango,USD Coin,0.0561,888
2022-10-11 22:27:20.519211,903f28ab82e8198f8dfb4d59e78830091bb222be0ee8817e6751bdef8564a6e4,buy,Mango,USD Coin,0.0561,4560
2022-10-11 22:27:20.519211,903f28ab82e8198f8dfb4d59e78830091bb222be0ee8817e6751bdef8564a6e4,buy,Mango,USD Coin,0.4912,306
2022-10-11 22:27:20.519211,903f28ab82e8198f8dfb4d59e78830091bb222be0ee8817e6751bdef8564a6e4,buy,Mango,USD Coin,0.0401,269
2022-10-11 22:27:20.519211,903f28ab82e8198f8dfb4d59e78830091bb222be0ee8817e6751bdef8564a6e4,buy,Mango,USD Coin,0.4912,43
2022-10-11 22:27:20.519211,6c8816eeb636e7b7514c0a12bc8a4d18c7372a54a3492af432300e20e832d3d3,buy,Mango,USD Coin,0.0409,278
2022-10-11 22:27:20.519211,8e66576acbfa17adaccd39a503ae7a38274d9580853d31c01141d290bf35df9e,buy,Mango,USD Coin,0.0409,325
2022-10-11 22:27:15.312557,c451cf9687e64bcb54efa9b5f1ebfe9874adf11c93b3734c4f5b932a70a4c3a5,buy,Mango,USD Coin,0.041,86
2022-10-11 22:27:15.312557,c4f8c525b4d8139a1e54b3fda2cc138499c98522efa9aa8c1ba2704094fb6564,buy,Mango,USD Coin,0.041,507
2022-10-11 22:27:15.312557,8e76bd1b52fcaf31aa30c7912bb8eddf63ae54e1e173b3724039a995fbf3deb1,buy,Mango,USD Coin,0.4912,28
2022-10-11 22:27:15.312557,8e76bd1b52fcaf31aa30c7912bb8eddf63ae54e1e173b3724039a995fbf3deb1,buy,Mango,USD Coin,0.0422,747
2022-10-11 22:27:15.312557,c451cf9687e64bcb54efa9b5f1ebfe9874adf11c93b3734c4f5b932a70a4c3a5,buy,Mango,USD Coin,0.4912,12
2022-10-11 22:27:15.312528,8e76bd1b52fcaf31aa30c7912bb8eddf63ae54e1e173b3724039a995fbf3deb1,buy,Mango,USD Coin,0.043,115
2022-10-11 22:27:15.312528,6c8816eeb636e7b7514c0a12bc8a4d18c7372a54a3492af432300e20e832d3d3,buy,Mango,USD Coin,0.043,106
2022-10-11 22:27:15.312528,903f28ab82e8198f8dfb4d59e78830091bb222be0ee8817e6751bdef8564a6e4,buy,Mango,USD Coin,0.043,581
2022-10-11 22:27:15.312528,8e66576acbfa17adaccd39a503ae7a38274d9580853d31c01141d290bf35df9e,buy,Mango,USD Coin,0.043,82
2022-10-11 22:27:15.312528,903f28ab82e8198f8dfb4d59e78830091bb222be0ee8817e6751bdef8564a6e4,buy,Mango,USD Coin,0.043,93
2022-10-11 22:27:15.312528,903f28ab82e8198f8dfb4d59e78830091bb222be0ee8817e6751bdef8564a6e4,buy,Mango,USD Coin,0.043,377
2022-10-11 22:27:15.312528,903f28ab82e8198f8dfb4d59e78830091bb222be0ee8817e6751bdef8564a6e4,buy,Mango,USD Coin,0.4912,17
2022-10-11 22:27:15.312528,8e76bd1b52fcaf31aa30c7912bb8eddf63ae54e1e173b3724039a995fbf3deb1,buy,Mango,USD Coin,0.0406,558
2022-10-11 22:27:15.312528,8e66576acbfa17adaccd39a503ae7a38274d9580853d31c01141d290bf35df9e,buy,Mango,USD Coin,0.0406,86
2022-10-11 22:27:15.312528,c4f8c525b4d8139a1e54b3fda2cc138499c98522efa9aa8c1ba2704094fb6564,buy,Mango,USD Coin,0.0406,310
2022-10-11 22:27:15.312528,c4f8c525b4d8139a1e54b3fda2cc138499c98522efa9aa8c1ba2704094fb6564,buy,Mango,USD Coin,0.4912,59
2022-10-11 22:27:15.312528,dcf91a667e073a39b972a4f02bdc682810e156247004ac3bcda88275dc8e983f,buy,Mango,USD Coin,0.0418,722
2022-10-11 22:27:15.312528,dcf91a667e073a39b972a4f02bdc682810e156247004ac3bcda88275dc8e983f,buy,Mango,USD Coin,0.4912,5
2022-10-11 22:27:09.895674,903f28ab82e8198f8dfb4d59e78830091bb222be0ee8817e6751bdef8564a6e4,buy,Mango,USD Coin,0.0402,606
2022-10-11 22:27:09.895674,c4f8c525b4d8139a1e54b3fda2cc138499c98522efa9aa8c1ba2704094fb6564,buy,Mango,USD Coin,0.0426,488
2022-10-11 22:27:09.895674,8e76bd1b52fcaf31aa30c7912bb8eddf63ae54e1e173b3724039a995fbf3deb1,buy,Mango,USD Coin,0.0426,445
2022-10-11 22:27:09.895674,8e76bd1b52fcaf31aa30c7912bb8eddf63ae54e1e173b3724039a995fbf3deb1,buy,Mango,USD Coin,0.4912,7
2022-10-11 22:27:09.895674,903f28ab82e8198f8dfb4d59e78830091bb222be0ee8817e6751bdef8564a6e4,buy,Mango,USD Coin,0.4912,50
2022-10-11 22:27:04.443173,0e91e11dc5c58739573cd4fc2dbe30df3ff6b6e9e1514e4d82635395a7b2f881,buy,Mango,USD Coin,0.4912,416
2022-10-11 22:27:04.443173,0e91e11dc5c58739573cd4fc2dbe30df3ff6b6e9e1514e4d82635395a7b2f881,buy,Mango,USD Coin,0.0412,1188
2022-10-11 22:26:58.794059,0e77676737cd2c8141b65d58ac281e36c237205b5abbe0255fab373f4a7fe070,buy,Mango,USD Coin,0.0389,4
2022-10-11 22:26:58.79405,0e77676737cd2c8141b65d58ac281e36c237205b5abbe0255fab373f4a7fe070,buy,Mango,USD Coin,0.0398,5
2022-10-11 22:26:58.79405,0e77676737cd2c8141b65d58ac281e36c237205b5abbe0255fab373f4a7fe070,buy,Mango,USD Coin,0.0425,2179
2022-10-11 22:26:58.79405,0e77676737cd2c8141b65d58ac281e36c237205b5abbe0255fab373f4a7fe070,buy,Mango,USD Coin,0.0428,1
2022-10-11 22:26:58.79405,0e77676737cd2c8141b65d58ac281e36c237205b5abbe0255fab373f4a7fe070,buy,Mango,USD Coin,0.0395,687
2022-10-11 22:26:58.79405,0e77676737cd2c8141b65d58ac281e36c237205b5abbe0255fab373f4a7fe070,buy,Mango,USD Coin,0.0403,1257
2022-10-11 22:26:58.79405,0e77676737cd2c8141b65d58ac281e36c237205b5abbe0255fab373f4a7fe070,buy,Mango,USD Coin,0.0399,1160
2022-10-11 22:26:58.79405,0e77676737cd2c8141b65d58ac281e36c237205b5abbe0255fab373f4a7fe070,buy,Mango,USD Coin,0.0445,1
2022-10-11 22:26:58.79405,0e77676737cd2c8141b65d58ac281e36c237205b5abbe0255fab373f4a7fe070,buy,Mango,USD Coin,0.0446,21
2022-10-11 22:26:58.79405,0e77676737cd2c8141b65d58ac281e36c237205b5abbe0255fab373f4a7fe070,buy,Mango,USD Coin,0.0449,5
2022-10-11 22:26:58.79405,0e77676737cd2c8141b65d58ac281e36c237205b5abbe0255fab373f4a7fe070,buy,Mango,USD Coin,0.0461,1
2022-10-11 22:26:58.79405,0e77676737cd2c8141b65d58ac281e36c237205b5abbe0255fab373f4a7fe070,buy,Mango,USD Coin,0.0436,5
2022-10-11 22:26:58.79405,0e77676737cd2c8141b65d58ac281e36c237205b5abbe0255fab373f4a7fe070,buy,Mango,USD Coin,0.0407,1302
2022-10-11 22:26:58.79405,0e77676737cd2c8141b65d58ac281e36c237205b5abbe0255fab373f4a7fe070,buy,Mango,USD Coin,0.0411,1205
2022-10-11 22:26:58.79405,0e77676737cd2c8141b65d58ac281e36c237205b5abbe0255fab373f4a7fe070,buy,Mango,USD Coin,0.0411,5
2022-10-11 22:26:58.79405,0e77676737cd2c8141b65d58ac281e36c237205b5abbe0255fab373f4a7fe070,buy,Mango,USD Coin,0.0412,1
2022-10-11 22:26:58.79405,0e77676737cd2c8141b65d58ac281e36c237205b5abbe0255fab373f4a7fe070,buy,Mango,USD Coin,0.0415,1672
2022-10-11 22:26:58.79405,0e77676737cd2c8141b65d58ac281e36c237205b5abbe0255fab373f4a7fe070,buy,Mango,USD Coin,0.0419,2016
2022-10-11 22:26:58.79405,0e77676737cd2c8141b65d58ac281e36c237205b5abbe0255fab373f4a7fe070,buy,Mango,USD Coin,0.0424,5
2022-10-11 22:26:58.79405,0e77676737cd2c8141b65d58ac281e36c237205b5abbe0255fab373f4a7fe070,buy,Mango,USD Coin,0.0478,1
2022-10-11 22:26:58.79405,0e77676737cd2c8141b65d58ac281e36c237205b5abbe0255fab373f4a7fe070,buy,Mango,USD Coin,0.0479,6568
2022-10-11 22:26:58.794017,0e77676737cd2c8141b65d58ac281e36c237205b5abbe0255fab373f4a7fe070,buy,Mango,USD Coin,0.0575,169222
2022-10-11 22:26:58.794017,0e77676737cd2c8141b65d58ac281e36c237205b5abbe0255fab373f4a7fe070,buy,Mango,USD Coin,0.056,1
2022-10-11 22:26:58.794017,0e77676737cd2c8141b65d58ac281e36c237205b5abbe0255fab373f4a7fe070,buy,Mango,USD Coin,0.0558,8810
2022-10-11 22:26:58.794017,0e77676737cd2c8141b65d58ac281e36c237205b5abbe0255fab373f4a7fe070,buy,Mango,USD Coin,0.06,158733
2022-10-11 22:26:58.794017,0e77676737cd2c8141b65d58ac281e36c237205b5abbe0255fab373f4a7fe070,buy,Mango,USD Coin,0.0525,96519
2022-10-11 22:26:58.794017,0e77676737cd2c8141b65d58ac281e36c237205b5abbe0255fab373f4a7fe070,buy,Mango,USD Coin,0.0527,1
2022-10-11 22:26:58.794017,0e77676737cd2c8141b65d58ac281e36c237205b5abbe0255fab373f4a7fe070,buy,Mango,USD Coin,0.0542,3345
2022-10-11 22:26:58.794017,0e77676737cd2c8141b65d58ac281e36c237205b5abbe0255fab373f4a7fe070,buy,Mango,USD Coin,0.0543,1
2022-10-11 22:26:58.794017,0e77676737cd2c8141b65d58ac281e36c237205b5abbe0255fab373f4a7fe070,buy,Mango,USD Coin,0.0544,21
2022-10-11 22:26:58.794017,0e77676737cd2c8141b65d58ac281e36c237205b5abbe0255fab373f4a7fe070,buy,Mango,USD Coin,0.0623,321
